3260 4914
617 367 638 424 I.
674 367 770 424 Attice.
1271 374 1312 441 29

227 543 331 624 πατρὶ
353 543 458 623 φιλωι
480 533 536 600 καί
557 536 659 623 μητρὶ
682 529 818 601 λιπόντε
840 527 1061 622 ἆμφοῖμμέχα
1084 539 1222 623 πένδος,

229 633 348 702 ούνεκα
371 631 599 721 σἰποφδιμὲνω
620 635 724 724 βήτην
745 631 849 718 δύμον
867 630 980 714 Ἀίδος
1001 633 1091 705 εἷ’σιο.

181 809 211 850 1v
231 809 304 851 saec.
356 807 380 850 o
409 808 464 866 pro
495 805 536 848 ou
561 791 708 867 scriptum,
739 807 755 848 s
780 809 834 867 pro
858 807 882 848 et
909 799 1024 869 praeter
1049 791 1144 851 κεῖται.
1166 825 1202 838 -
1223 794 1241 853 2
1261 815 1314 854 nec

116 892 275 945 structuram
296 885 432 963 intellego
452 903 505 944 nec
524 885 653 943 verbum.
665 879 836 964 παραδεῖξαι.
878 883 991 960 Quodsi
1011 885 1125 965 sculpta
1143 907 1313 967 repraesen-

114 980 174 1038 tatio
196 980 314 1054 dioitur‚
340 978 425 1038 doleo
452 979 529 1055 quod
555 977 716 1056 anaglyphi
743 985 946 1056 argumentum
966 981 1058 1040 editor
1078 1001 1137 1041 non
1157 985 1313 1044 enarravit.

115 1072 169 1132 Hoc
190 1073 317 1133 voluisse
342 1073 454 1132 videtur
476 1082 576 1151 poeta:
601 1075 699 1148 satura
717 1077 860 1150 festinans
883 1074 1026 1150 prohibuit
1050 1095 1084 1136 ιιι
1109 1080 1164 1152 ipsi
1190 1079 1314 1154 defuncti

114 1179 166 1226 crte
187 1168 390 1234 exhiberentur,
414 1167 443 1226 in
470 1186 528 1244 quo
556 1164 585 1226 ου’
613 1167 655 1226 ita
679 1167 873 1226 excusationis
898 1167 1010 1244 aliquid
1035 1169 1136 1244 habet,
1162 1181 1192 1229 ut
1212 1192 1313 1232 monu-

114 1271 210 1336 mento,
237 1263 316 1339 quod
336 1271 404 1321 ante
424 1261 522 1320 oculos
544 1267 602 1335 est,
623 1261 703 1337 ipsos
723 1261 881 1332 defunctos,
902 1281 1025 1337 quorum
1046 1265 1186 1342 imagines
1206 1285 1314 1343 ponere

114 1375 163 1413 non
185 1357 279 1431 licuit,
304 1357 412 1434 opponi
433 1357 578 1416 dicamus:
605 1344 636 1413 τδ
657 1351 706 1434 μὲν
727 1359 825 1435 μνῆμα
845 1344 907 1414 τίδε
928 1355 1029 1428 κεῖται,
1050 1348 1128 1416 αύτιδ
1150 1355 1179 1418 tt
1198 1351 1238 1420 τοί
1259 1361 1313 1420 διι-

114 1443 173 1509 ιίιπε
193 1449 245 1530 οὐχ
266 1442 314 1510 οἵίν
327 1453 354 1510 τ’
367 1443 397 1526 ἦν
417 1446 589 1531 παραδεῖξαι.
609 1483 647 1495 -
667 1453 686 1509 4
705 1448 836 1509 clausula
856 1451 1009 1512 homerica.

605 1619 808 1630 -—

112 1748 160 1808 ⁸8.
196 1751 330 1814 Athenis.
371 1751 492 1815 cuman.
514 1751 598 1813 2486.

452 1893 631 1978 Σύμμαχος
652 1893 805 1982 Σίμωνος
828 1899 925 1976 Χῖος.

186 2019 212 2064 a.
259 1995 407 2062 Πλεῖσσα
429 1996 491 2079 μέν
513 1991 718 2086 εύφρανθεὶς
739 1993 870 2084 βιότωι,
895 1995 1019 2076 λύπαις
1041 1997 1078 2064 δέ
1100 1995 1290 2080 ἐλαχίσταις

302 2093 519 2184 χρησάμενος,
542 2097 651 2188 χήριος
672 2099 778 2188 τέρμα
799 2098 911 2182 μολιδν
933 2098 1019 2186 πρὸς
1040 2091 1153 2185 ι’ύκρον,

255 2200 340 2274 Χῖος
361 2198 422 2280 μέν
443 2198 557 2285 γενεὰν
578 2199 743 2286 βλαστών,
767 2201 894 2289 πατρὸς
917 2200 954 2268 δέ
978 2201 1128 2283 Σίμωνος

303 2297 480 2384 Σύμμαχος
501 2300 536 2368 έν
558 2303 720 2380 δαπέδοις
742 2301 938 2390 Κεκροπίας
959 2301 1108 2390 έκλίδφν.

113 2501 129 2562 5
188 2503 217 2570 b.
260 2495 303 2564 ‘H
320 2502 382 2585 μέν
404 2502 625 2586 καλλικόμοις
648 2503 815 2593 πτύρδοις
835 2500 1045 2592 βοτρυιύδεος
1067 2499 1159 2591 οίνιχς

306 2607 393 2683 Χῖος
415 2599 623 2696 ἀγαλλομένη
646 2603 826 2691 Σιμμύχοιι
848 2605 919 2672 έστί
941 2603 1071 2692 πατρίς.

256 2701 287 2768 σί
313 2705 350 2772 δέ
371 2712 485 2772 θεοῖσι
507 2703 654 2790 μάλιστα
677 2709 774 2796 φίλαι
795 2705 953 2795 θνητοῖσί
974 2731 1009 2772 τε
1021 2703 1164 2794 Ἀθῆναι

307 2812 403 2890 σῶμα
431 2810 490 2875 σὸν
510 2805 689 2896 έχκόλποις
710 2807 844 2898 κρύψαν
866 2803 1113 2894 ἀποφθίμενον.

182 2963 312 3022 Alterum
342 2965 521 3041 epigramma
550 2965 647 3041 priore
676 2965 760 3042 longe
788 2964 931 3044 pulcrius,
961 2963 1018 3022 nisi
1043 2962 1120 3039 quod
1146 2961 1248 3024 melius
1273 2965 1316 3024 di·

113 3054 197 3115 xisset
220 3064 309 3134 poeta
333 3077 361 3116 u.
381 3059 398 3116 8
423 3056 624 3138 ἀποφθιμένου.
650 3095 687 3103 -
708 3060 725 3119 6
745 3059 821 3117 mira
839 3055 903 3127 Χίας
924 3059 1050 3116 nominis
1070 3057 1217 3116 trochaica
1237 3077 1315 3116 men·

114 3167 184 3222 sura,
202 3170 261 3227 qua
275 3159 373 3210 tamen
394 3153 512 3212 minime
533 3155 696 3215 defenditur
715 3154 932 3230 epigrammatis
954 3153 1032 3230 quod
1055 3152 1253 3212 Simonideum
1273 3153 1315 3209 di·

112 3243 181 3303 citur
196 3249 259 3320 119,
280 3268 305 3306 v.
320 3249 338 3304 4
354 3241 483 3305 οὐδ”ίαευ
503 3242 567 3308 Χίον
586 3250 613 3317 ἐς
628 3239 793 3330 ἀμφιρύτην.
808 3284 842 3294 -
862 3249 999 3309 Ceterum
1013 3245 1104 3305 Chius
1118 3247 1215 3321 potius
1230 3264 1316 3321 quam

113 3339 291 3401 Atheniensis
309 3347 399 3418 poeta
418 3343 534 3402 videtur
552 3343 651 3403 fuisse.

113 3681 162 3838 39.
207 3689 309 3754 Incerti
341 3691 413 3768 loei;
443 3693 520 3773 lapis
549 3695 672 3756 fortasse
702 3713 739 3756 ex
770 3693 891 3754 Euboea
916 3693 1046 3754 Athenas
1076 3689 1234 3751 manslatus
1264 3701 1316 3752 est.

135 3803 227 3850 uman.
250 3791 331 3850 1651.

412 3989 418 3996 .
465 3931 585 4012 Νικίας
610 3933 731 3998 Νικίου
748 3927 941 4020 Ἐρετριεύς.

190 4035 286 4121 Σῆμα
308 4031 377 4101 τόδ’
395 4033 430 4102 έι·
452 4039 561 4123 κανεῆι
583 4041 691 4101 κεῖται
711 4031 821 4116 χθονί,
847 4033 956 4121 [σῶμα
979 4033 1007 4097 δ’
1024 4030 1077 4097 ἐπ’
1094 4025 1198 4118 ύχρσύ

255 4131 388 4226 Ὠριίοο
411 4136 549 4224 κρύπτει
571 4135 719 4224 πυρκαιίχ
743 4135 923 4222 φθιμένου·

191 4237 278 4306 τόνδ’
292 4237 342 4306 έτι
367 4237 585 4306 παπταύοντ’
601 4239 659 4306 έπλ
680 4234 820 4324 γούνασι
841 4232 969 4322 πατρὸς
989 4233 1131 4320 μάρψας

254 4337 371 4432 ’Ἅιδης
395 4337 457 4430 [o]i
481 4343 618 4419 σκοτίας
640 4333 834 4426 ἀμφέβαλεν
857 4335 1030 4422 πτέρυγας.
