3190 4946
578 383 599 439 l.
623 383 663 436 dis
681 383 777 438 dicata.
1225 387 1296 456 339

91 571 168 612 nemo
194 571 212 610 a
232 569 264 612 se
283 552 457 630 inpetrabit3
486 571 581 629 neque
600 550 655 612 hoc
673 569 733 614 non
751 553 849 630 inepte
869 551 978 611 dictum
990 555 1062 627 foca
1085 553 1177 614 lamam
1197 557 1298 632 edidit3

90 648 205 723 denique
225 646 307 706 lacus
326 649 445 708 minime
465 648 601 708 convenit
621 646 682 706 loco
701 667 728 705 r.
743 649 816 723 3sq.
837 647 991 724 descripto,
1011 668 1070 725 quo
1091 649 1157 728 quis
1177 669 1214 710 ex
1227 651 1299 710 belli

90 741 231 801 laboribus
258 741 394 817 quiescat.
433 729 518 817 Πλιλξ
543 741 618 802 nihil
642 747 740 819 potest
764 759 828 799 esse
851 741 908 799 nisi
933 743 1035 802 tabula
1059 749 1089 802 ct
1108 743 1162 803 hoc
1181 745 1298 821 quidem

90 835 147 894 loco
177 835 277 894 tabula
305 836 516 914 epigrammate
546 837 699 913 inscripta;
731 835 863 911 sequitur
896 853 1056 912 pronomen
1084 839 1192 914 requiri
1220 829 1299 914 ἰη’νὸε

90 931 260 1007 verbumque
277 930 321 990 rei
341 931 425 989 unice
444 941 543 1008 aptum
566 927 693 1004 ἆνέθηκει
714 927 874 987 dedicantis
893 947 998 988 nomen
1018 948 1083 988 cum
1102 949 1198 990 rerum
1212 951 1296 993 enar-

89 1026 158 1082 ratio
178 1025 338 1084 intercedet
356 1046 384 1084 r.
400 1026 418 1084 8
438 1026 553 1085 demum
574 1020 709 1084 adicitur.
748 1022 852 1099 Itaque
872 1023 1045 1099 lapidarium
1066 1025 1163 1104 potius
1183 1045 1297 1086 errasse

89 1119 197 1178 credam
216 1138 306 1196 qnam
325 1119 472 1197 Toupium
492 1137 528 1178 ex
549 1127 632 1196 parte
652 1117 756 1177 saltem
775 1125 851 1176 recte
870 1117 1023 1194 scripsisse
1042 1119 1167 1197 negabo:

284 1238 326 1306 roi
346 1240 444 1308 nln'ao
463 1236 537 1322 τηίνὸὪ
558 1244 682 1320 ἀνέθηκε,
703 1235 766 1326 ιμ’ρη
787 1235 852 1314 Acie
870 1235 1041 1321 tlsrtscoe,

363 1331 433 1417 πηγὴ
454 1333 602 1422 Νυμφέων
622 1334 737 1421 ἔφθινε,
757 1343 836 1420 νᾶμα
856 1332 942 1421 φίλον.

92 1466 173 1528 Fulso
192 1470 264 1528 haec
283 1469 422 1528 distincta
440 1488 505 1530 esse
523 1478 607 1548 patet
627 1467 808 1547 quadruplici
835 1467 880 1526 vel
905 1467 1015 1544 duplici
1034 1468 1060 1526 si
1081 1469 1174 1528 males
1194 1469 1295 1547 adpel-

91 1561 190 1622 latione
215 1583 275 1623 non
299 1571 461 1642 perspectu.
482 1599 520 1610 -
540 1568 558 1624 5
579 1553 759 1644 Δσριλκντιμτι,
785 1570 862 1620 recte
886 1561 1007 1621 fortasse
1030 1561 1115 1640 Toup
1139 1569 1170 1622 et
1195 1563 1297 1624 Iaccbs

91 1647 249 1738 Δσμλνιιμτι,
278 1646 448 1738 Διριλκιιμνιι
474 1658 624 1718 Hermann
650 1657 750 1733 Opilec.
769 1655 798 1713 V
821 1655 882 1717 177.
908 1689 946 1699 -—
971 1655 988 1713 7
1014 1657 1081 1716 haec
1107 1662 1199 1716 omnm
1218 1658 1251 1734 (i.
1272 1679 1297 1717 e.

91 1740 178 1810 alciae
198 1762 226 1810 et
249 1753 466 1829 inscriptionem
487 1759 516 1812 ct
535 1752 655 1810 relicum
674 1751 729 1810 loci
751 1751 939 1828 adparatum)
961 1751 1100 1810 laboriosa
1120 1771 1205 1810 mana
1219 1756 1297 1811 anio

91 1863 157 1902 cunc
176 1849 317 1922 adpetente
337 1867 384 1923 epo
405 1849 453 1906 titi
468 1847 674 1906 Grammaticus
683 1848 801 1923 perfeci.
813 1879 850 1890 -
862 1835 912 1903 (λα’
920 1845 1165 1923 praepositionem
1179 1846 1297 1906 Boeckh

91 1956 149 1996 cum
168 1939 252 1999 τελέω
273 1939 366 2018 iungit
372 1963 381 2013 ;
401 1941 479 2000 malo
498 1940 627 1999 dativum
647 1959 685 1999 ex
703 1940 816 2018 plebeio
836 1959 890 2000 usu
910 1940 1045 2016 positum,
1069 1945 1173 2017 putare
1191 1947 1226 1999 ut
1244 1959 1294 2000 su·

90 2049 140 2106 pra
158 2054 186 2092 n.
207 2035 263 2094 539
284 2035 407 2095 vidimus
429 2024 479 2094 uda
498 2021 592 2114 ἥρω’ων
611 2033 726 2092 defendi
745 2034 887 2110 potuisse.
1140 2023 1141 2026 ¹

92 2311 182 2380 *ste
223 2317 335 2378 Romae
354 2315 455 2376 herma
473 2315 603 2376 mutilus.
644 2314 678 2378 0.
698 2313 721 2376 l.
743 2313 827 2376 6186.

158 2435 283 2521 Ἅλσος
301 2441 363 2526 μὲν
384 2438 545 2519 Μούσαις
566 2435 661 2527 ἱερὸν
680 2439 756 2525 λέγε
777 2437 865 2504 τοῦτ’
888 2430 1101 2517 ἀνακεῖσθαι,

250 2543 311 2624 τὰς
330 2539 475 2629 βύβλους
497 2541 609 2620 δείξας
629 2540 690 2618 τὰς
712 2538 806 2630 παρὰ
827 2543 904 2616 ταῖς
924 2533 1115 2616 πλατάνοις,

171 2642 255 2736 ἡμᾶς
276 2646 313 2713 δὲ
335 2649 506 2736 φρουρεῖν·
530 2637 591 2710 κᾶν
613 2638 746 2730 γνήσιος
768 2636 882 2707 ἐνθάδ’
905 2637 1047 2728 ἐραστής

251 2743 348 2836 ἔλθῃ,
371 2749 419 2836 τῷ
441 2749 548 2834 κισσῷ
569 2747 686 2811 τοῦτον
708 2740 948 2829 ἀναστέφομεν.

160 2905 183 2946 ιι
203 2887 263 2946 iere
282 2885 397 2946 saeculi
419 2918 457 2930 -
479 2885 582 2946 Musae
600 2884 706 2963 opinor
724 2881 855 2942 Hermen
874 2880 1052 2942 adlocuntur.

96 3267 168 3331 sao.
207 3245 364 3332 meconi.
406 3267 440 3330 σ.
460 3265 482 3328 1.
506 3267 618 3328 rroru.

488 3389 655 3476 Μαχάτας
679 3379 844 3479 [quoique.

239 3497 305 3566 Τὸν
328 3499 413 3577 Διὸς
431 3491 616 3584 Ἀλκμήνης
635 3517 672 3560 τε
693 3488 790 3581 μόνον
810 3493 960 3574 τιμαῖσιν
982 3483 1096 3578 ἀέξων

320 3595 394 3678 υἱὸς
413 3597 615 3674 Λασθένεσς
638 3597 757 3682 στῆσεν
779 3585 912 3679 ἄγαλμα
933 3588 1023 3678 τόδε,

234 3699 365 3788 μνῆμην
387 3695 559 3766 ἀθάνατον
580 3691 694 3776 σώζων
715 3688 844 3782 πατρός
865 3715 900 3758 τε
922 3693 979 3759 καὶ
1001 3685 1105 3758 αὐτοῦ

320 3796 506 3887 Λαφάνεσς
528 3798 647 3884 κλεινᾷ
667 3793 801 3873 Λοξίου
824 3791 857 3860 ἐν
878 3795 1016 3878 τεμένει.

164 3939 309 3999 Intellexit
335 3937 454 3996 Boeckh
477 3955 536 3996 non
560 3937 614 3993 huc
638 3933 783 4011 pertinere
810 3931 932 3991 alterum
954 3932 1069 3990 titulum
1090 3931 1176 3990 simul
1195 3931 1297 3989 inven-

96 4039 150 4088 tum
169 4020 345 4113 [Λε]ωῲιι’νης
366 4031 522 4100 Accidere
538 4029 703 4103 Ἀσκληπιῷ
729 4023 851 4102 ἀνέθηκε.
872 4019 1017 4108 Μσχιίττς
1037 4018 1145 4102 ἐπόησε,
1170 4024 1220 4084 ubi
1240 4043 1297 4083 uon

96 4123 209 4187 debebat
226 4119 376 4207 Λιι]ῲιι’νης
396 4128 547 4204 corrigere.

589 4333 791 4350 5-—
