<?xml version="1.0" encoding="UTF-8"?>
<!DOCTYPE html PUBLIC "-//W3C//DTD XHTML 1.0 Transitional//EN"
    "http://www.w3.org/TR/xhtml1/DTD/xhtml1-transitional.dtd">
<html xmlns="http://www.w3.org/1999/xhtml" xml:lang="en" lang="en">
 <head>
  <title>
</title>
<meta http-equiv="Content-Type" content="text/html;charset=utf-8" />
  <meta name='ocr-system' content='tesseract 3.04.00' />
  <meta name='ocr-capabilities' content='ocr_page ocr_carea ocr_par ocr_line ocrx_word'/>
</head>
<body>
  <div class='ocr_page' id='page_1' title='image "./epigrammatagrae01kaibgoog_0071.png"; bbox 0 0 3260 4914; ppageno 0'>
   <div class='ocr_carea' id='block_1_1' title="bbox 298 386 1090 461">
    <p class='ocr_par' dir='ltr' id='par_1_1' title="bbox 298 386 1090 461">
     <span class='ocr_line' id='line_1_1' title="bbox 298 386 1090 461; baseline 0 -19"><span class='ocrx_word' id='word_1_1' title='bbox 298 396 339 461; x_wconf 76' lang='grc'>38</span> <span class='ocrx_word' id='word_1_2' title='bbox 711 387 907 458; x_wconf 72' lang='lat' dir='ltr'>nptgnmme</span> <span class='ocrx_word' id='word_1_3' title='bbox 923 386 1090 457; x_wconf 80' lang='lat' dir='ltr'>sepulcralia.</span> 
     </span>
    </p>
   </div>
   <div class='ocr_carea' id='block_1_2' title="bbox 299 552 1518 741">
    <p class='ocr_par' dir='ltr' id='par_1_2' title="bbox 299 552 1518 741">
     <span class='ocr_line' id='line_1_2' title="bbox 378 552 1518 635; baseline -0.005 -15"><span class='ocrx_word' id='word_1_4' title='bbox 378 580 403 620; x_wconf 87' lang='lat'>11</span> <span class='ocrx_word' id='word_1_5' title='bbox 429 561 546 622; x_wconf 83' lang='lat' dir='ltr'>saeurli.</span> <span class='ocrx_word' id='word_1_6' title='bbox 570 592 607 604; x_wconf 94' lang='lat'>-</span> <span class='ocrx_word' id='word_1_7' title='bbox 635 559 653 618; x_wconf 84' lang='lat'><strong>6</strong></span> <span class='ocrx_word' id='word_1_8' title='bbox 679 558 774 635; x_wconf 85' lang='lat' dir='ltr'>suppl.</span> <span class='ocrx_word' id='word_1_9' title='bbox 801 559 876 635; x_wconf 80' lang='lat' dir='ltr'>Aug.</span> <span class='ocrx_word' id='word_1_10' title='bbox 900 557 970 616; x_wconf 77' lang='lat' dir='ltr'>diac</span> <span class='ocrx_word' id='word_1_11' title='bbox 993 558 1118 630; x_wconf 86' lang='lat' dir='ltr'>amicus,</span> <span class='ocrx_word' id='word_1_12' title='bbox 1144 556 1201 616; x_wconf 88' lang='lat' dir='ltr'>nisi</span> <span class='ocrx_word' id='word_1_13' title='bbox 1224 557 1303 633; x_wconf 89' lang='lat' dir='ltr'>quod</span> <span class='ocrx_word' id='word_1_14' title='bbox 1322 552 1413 616; x_wconf 69' lang='lat' dir='ltr'>thora</span> <span class='ocrx_word' id='word_1_15' title='bbox 1432 557 1518 632; x_wconf 85' lang='lat' dir='ltr'>posui</span> 
     </span>
     <span class='ocr_line' id='line_1_3' title="bbox 299 639 1514 741; baseline -0.012 -19"><span class='ocrx_word' id='word_1_16' title='bbox 299 682 353 741; x_wconf 84' lang='lat' dir='ltr'>pro</span> <span class='ocrx_word' id='word_1_17' title='bbox 374 657 495 738; x_wconf 68' lang='grc' dir='ltr'><strong><em>ἔκυμψιι</em></strong></span> <span class='ocrx_word' id='word_1_18' title='bbox 511 653 680 731; x_wconf 80' lang='lat' dir='ltr'>Euripideo.</span> <span class='ocrx_word' id='word_1_19' title='bbox 694 655 764 712; x_wconf 85' lang='grc'>-8</span> <span class='ocrx_word' id='word_1_20' title='bbox 785 664 853 712; x_wconf 88' lang='lat' dir='ltr'>ante</span> <span class='ocrx_word' id='word_1_21' title='bbox 871 639 1008 730; x_wconf 59' lang='grc' dir='ltr'><strong><em>ῥητορικήν</em></strong></span> <span class='ocrx_word' id='word_1_22' title='bbox 1029 659 1096 710; x_wconf 89' lang='lat' dir='ltr'>octo</span> <span class='ocrx_word' id='word_1_23' title='bbox 1116 652 1176 710; x_wconf 81' lang='lat' dir='ltr'>sere</span> <span class='ocrx_word' id='word_1_24' title='bbox 1197 651 1355 710; x_wconf 82' lang='lat' dir='ltr'>litterarum</span> <span class='ocrx_word' id='word_1_25' title='bbox 1378 649 1514 726; x_wconf 86' lang='lat' dir='ltr'>spatium.</span> 
     </span>
    </p>
   </div>
   <div class='ocr_carea' id='block_1_3' title="bbox 299 738 1517 927">
    <p class='ocr_par' dir='ltr' id='par_1_3' title="bbox 299 738 1517 927">
     <span class='ocr_line' id='line_1_4' title="bbox 299 738 1517 828; baseline -0.01 -14"><span class='ocrx_word' id='word_1_26' title='bbox 299 751 505 814; x_wconf 79' lang='lat' dir='ltr'>Wilamowita:</span> <span class='ocrx_word' id='word_1_27' title='bbox 528 742 644 828; x_wconf 72' lang='grc' dir='ltr'><strong><em>πείρατα</em></strong></span> <span class='ocrx_word' id='word_1_28' title='bbox 668 744 805 826; x_wconf 73' lang='grc' dir='ltr'><strong>ῥητορικῆς</strong></span> <span class='ocrx_word' id='word_1_29' title='bbox 830 739 876 806; x_wconf 80' lang='lat' dir='ltr'>aeti</span> <span class='ocrx_word' id='word_1_30' title='bbox 904 738 999 824; x_wconf 77' lang='grc' dir='ltr'><strong><em>σοφίης</em></strong></span> <span class='ocrx_word' id='word_1_31' title='bbox 1024 741 1133 823; x_wconf 67' lang='grc' dir='ltr'>ἔλαβον.</span> <span class='ocrx_word' id='word_1_32' title='bbox 1182 745 1348 806; x_wconf 73' lang='lat' dir='ltr'>Extremum</span> <span class='ocrx_word' id='word_1_33' title='bbox 1374 744 1517 802; x_wconf 56' lang='lat' dir='ltr'>distichon</span> 
     </span>
     <span class='ocr_line' id='line_1_5' title="bbox 299 838 1500 927; baseline -0.01 -20"><span class='ocrx_word' id='word_1_34' title='bbox 299 849 422 927; x_wconf 88' lang='lat' dir='ltr'>periisse</span> <span class='ocrx_word' id='word_1_35' title='bbox 440 842 592 920; x_wconf 75' lang='lat' dir='ltr'>probabile</span> <span class='ocrx_word' id='word_1_36' title='bbox 611 847 665 914; x_wconf 87' lang='lat' dir='ltr'>est,</span> <span class='ocrx_word' id='word_1_37' title='bbox 687 861 745 917; x_wconf 90' lang='lat' dir='ltr'>quo</span> <span class='ocrx_word' id='word_1_38' title='bbox 766 841 815 917; x_wconf 92' lang='lat' dir='ltr'>qui</span> <span class='ocrx_word' id='word_1_39' title='bbox 836 839 1026 917; x_wconf 82' lang='lat' dir='ltr'>interrogarit</span> <span class='ocrx_word' id='word_1_40' title='bbox 1052 840 1166 899; x_wconf 81' lang='lat' dir='ltr'>solvere</span> <span class='ocrx_word' id='word_1_41' title='bbox 1185 840 1297 899; x_wconf 90' lang='lat' dir='ltr'>iuberet</span> <span class='ocrx_word' id='word_1_42' title='bbox 1321 838 1500 897; x_wconf 85' lang='lat' dir='ltr'>defunctum.</span> 
     </span>
    </p>
   </div>
   <div class='ocr_carea' id='block_1_4' title="bbox 303 1093 1523 1293">
    <p class='ocr_par' dir='ltr' id='par_1_4' title="bbox 303 1093 1523 1293">
     <span class='ocr_line' id='line_1_6' title="bbox 303 1093 1523 1203; baseline -0.012 -14"><span class='ocrx_word' id='word_1_43' title='bbox 303 1128 363 1189; x_wconf 93' lang='grc'>111.</span> <span class='ocrx_word' id='word_1_44' title='bbox 415 1125 528 1203; x_wconf 77' lang='lat' dir='ltr'>(lippus</span> <span class='ocrx_word' id='word_1_45' title='bbox 561 1093 679 1192; x_wconf 88' lang='lat' dir='ltr'>atticus,</span> <span class='ocrx_word' id='word_1_46' title='bbox 713 1122 797 1181; x_wconf 90' lang='lat' dir='ltr'>cuius</span> <span class='ocrx_word' id='word_1_47' title='bbox 830 1121 945 1180; x_wconf 87' lang='lat' dir='ltr'>titulum</span> <span class='ocrx_word' id='word_1_48' title='bbox 977 1122 1007 1178; x_wconf 91' lang='lat' dir='ltr'>in</span> <span class='ocrx_word' id='word_1_49' title='bbox 1038 1137 1137 1180; x_wconf 86' lang='lat' dir='ltr'>museo</span> <span class='ocrx_word' id='word_1_50' title='bbox 1166 1117 1336 1177; x_wconf 85' lang='lat' dir='ltr'>Britannico</span> <span class='ocrx_word' id='word_1_51' title='bbox 1367 1117 1523 1193; x_wconf 81' lang='lat' dir='ltr'><strong>descripsit</strong></span> 
     </span>
     <span class='ocr_line' id='line_1_7' title="bbox 304 1215 906 1293; baseline -0.013 -11"><span class='ocrx_word' id='word_1_52' title='bbox 304 1221 439 1282; x_wconf 85' lang='lat' dir='ltr'>Welclrer</span> <span class='ocrx_word' id='word_1_53' title='bbox 459 1217 604 1293; x_wconf 74' lang='lat' dir='ltr'>ediditque</span> <span class='ocrx_word' id='word_1_54' title='bbox 625 1215 701 1275; x_wconf 82' lang='lat' dir='ltr'>Mus.</span> <span class='ocrx_word' id='word_1_55' title='bbox 724 1218 775 1274; x_wconf 74' lang='grc'>111.</span> <span class='ocrx_word' id='word_1_56' title='bbox 797 1215 839 1274; x_wconf 91' lang='lat' dir='ltr'>Vl</span> <span class='ocrx_word' id='word_1_57' title='bbox 860 1215 906 1274; x_wconf 76' lang='lat'>82.</span> 
     </span>
    </p>
   </div>
   <div class='ocr_carea' id='block_1_5' title="bbox 433 1351 1399 1648">
    <p class='ocr_par' dir='ltr' id='par_1_5' title="bbox 433 1351 1399 1648">
     <span class='ocr_line' id='line_1_8' title="bbox 585 1351 1204 1444; baseline -0.002 -23"><span class='ocrx_word' id='word_1_58' title='bbox 585 1353 624 1421; x_wconf 83' lang='lat' dir='ltr'>‘O</span> <span class='ocrx_word' id='word_1_59' title='bbox 648 1358 753 1444; x_wconf 77' lang='grc' dir='ltr'><strong><em>δῆμος</em></strong></span> <span class='ocrx_word' id='word_1_60' title='bbox 775 1361 929 1444; x_wconf 75' lang='grc' dir='ltr'><em>Ληναῖον</em></span> <span class='ocrx_word' id='word_1_61' title='bbox 947 1351 1204 1443; x_wconf 77' lang='grc' dir='ltr'>Ἀρτεμιδώρου.</span> 
     </span>
     <span class='ocr_line' id='line_1_9' title="bbox 433 1451 1399 1546; baseline -0.004 -22"><span class='ocrx_word' id='word_1_62' title='bbox 433 1461 501 1526; x_wconf 87' lang='grc' dir='ltr'>Καὶ</span> <span class='ocrx_word' id='word_1_63' title='bbox 523 1459 560 1524; x_wconf 81' lang='lat' dir='ltr'>cd</span> <span class='ocrx_word' id='word_1_64' title='bbox 585 1457 664 1544; x_wconf 78' lang='grc' dir='ltr'><strong><em>πρὶν</em></strong></span> <span class='ocrx_word' id='word_1_65' title='bbox 686 1455 720 1522; x_wconf 79' lang='grc' dir='ltr'>ἐν</span> <span class='ocrx_word' id='word_1_66' title='bbox 745 1459 907 1541; x_wconf 82' lang='grc' dir='ltr'><em>πολέμοις</em></span> <span class='ocrx_word' id='word_1_67' title='bbox 928 1459 1037 1546; x_wconf 76' lang='grc' dir='ltr'><strong><em>τηρῶν</em></strong></span> <span class='ocrx_word' id='word_1_68' title='bbox 1059 1451 1194 1544; x_wconf 69' lang='grc' dir='ltr'><strong><em>πύργον,</em></strong></span> <span class='ocrx_word' id='word_1_69' title='bbox 1220 1457 1399 1542; x_wconf 68' lang='lat' dir='ltr'>unnedica,</span> 
     </span>
     <span class='ocr_line' id='line_1_10' title="bbox 509 1549 1254 1648; baseline -0.005 -24"><span class='ocrx_word' id='word_1_70' title='bbox 509 1560 566 1624; x_wconf 82' lang='grc' dir='ltr'>καὶ</span> <span class='ocrx_word' id='word_1_71' title='bbox 589 1561 643 1623; x_wconf 83' lang='grc' dir='ltr'>νῦν</span> <span class='ocrx_word' id='word_1_72' title='bbox 667 1556 814 1648; x_wconf 79' lang='grc' dir='ltr'><strong><em>τηρήσω,</em></strong></span> <span class='ocrx_word' id='word_1_73' title='bbox 839 1554 884 1638; x_wconf 77' lang='grc' dir='ltr'>ὥς</span> <span class='ocrx_word' id='word_1_74' title='bbox 906 1554 1060 1640; x_wconf 80' lang='grc' dir='ltr'><strong><em>δύναμαι,</em></strong></span> <span class='ocrx_word' id='word_1_75' title='bbox 1084 1557 1178 1636; x_wconf 80' lang='grc' dir='ltr'><strong><em>νέκυς</em></strong></span> <span class='ocrx_word' id='word_1_76' title='bbox 1199 1549 1254 1622; x_wconf 78' lang='lat' dir='ltr'>dv.</span> 
     </span>
    </p>
   </div>
   <div class='ocr_carea' id='block_1_6' title="bbox 306 1706 1527 1985">
    <p class='ocr_par' dir='ltr' id='par_1_6' title="bbox 306 1706 1527 1985">
     <span class='ocr_line' id='line_1_11' title="bbox 384 1706 1526 1790; baseline -0.006 -14"><span class='ocrx_word' id='word_1_77' title='bbox 384 1717 461 1776; x_wconf 87' lang='lat' dir='ltr'>Ludi</span> <span class='ocrx_word' id='word_1_78' title='bbox 492 1715 605 1774; x_wconf 82' lang='lat' dir='ltr'>videtur</span> <span class='ocrx_word' id='word_1_79' title='bbox 637 1715 667 1773; x_wconf 92' lang='lat' dir='ltr'>in</span> <span class='ocrx_word' id='word_1_80' title='bbox 692 1715 831 1774; x_wconf 86' lang='lat' dir='ltr'>vocabulo</span> <span class='ocrx_word' id='word_1_81' title='bbox 856 1706 971 1788; x_wconf 64' lang='lat' dir='ltr'>mleque,</span> <span class='ocrx_word' id='word_1_82' title='bbox 1002 1713 1079 1790; x_wconf 91' lang='lat' dir='ltr'>quod</span> <span class='ocrx_word' id='word_1_83' title='bbox 1103 1715 1160 1770; x_wconf 88' lang='lat' dir='ltr'>v.l</span> <span class='ocrx_word' id='word_1_84' title='bbox 1191 1710 1294 1770; x_wconf 78' lang='lat' dir='ltr'>turrIm</span> <span class='ocrx_word' id='word_1_85' title='bbox 1319 1712 1449 1788; x_wconf 74' lang='lat' dir='ltr'>aliquam</span> <span class='ocrx_word' id='word_1_86' title='bbox 1476 1733 1526 1770; x_wconf 91' lang='lat' dir='ltr'>ar-</span> 
     </span>
     <span class='ocr_line' id='line_1_12' title="bbox 306 1805 1527 1886; baseline -0.003 -14"><span class='ocrx_word' id='word_1_87' title='bbox 306 1813 361 1872; x_wconf 90' lang='lat' dir='ltr'>mis</span> <span class='ocrx_word' id='word_1_88' title='bbox 386 1809 598 1870; x_wconf 76' lang='lat' dir='ltr'><strong>defendendam</strong></span> <span class='ocrx_word' id='word_1_89' title='bbox 625 1809 782 1886; x_wconf 83' lang='lat' dir='ltr'>significat,</span> <span class='ocrx_word' id='word_1_90' title='bbox 809 1808 870 1868; x_wconf 72' lang='lat' dir='ltr'>ul</span> <span class='ocrx_word' id='word_1_91' title='bbox 891 1807 1011 1868; x_wconf 85' lang='lat' dir='ltr'>sirecte</span> <span class='ocrx_word' id='word_1_92' title='bbox 1031 1805 1176 1868; x_wconf 73' lang='lat' dir='ltr'>intellexit</span> <span class='ocrx_word' id='word_1_93' title='bbox 1194 1805 1393 1866; x_wconf 80' lang='lat' dir='ltr'>Wilamowitx</span> <span class='ocrx_word' id='word_1_94' title='bbox 1414 1807 1451 1866; x_wconf 92' lang='lat' dir='ltr'>de</span> <span class='ocrx_word' id='word_1_95' title='bbox 1470 1807 1527 1868; x_wconf 89' lang='lat' dir='ltr'>Di·</span> 
     </span>
     <span class='ocr_line' id='line_1_13' title="bbox 307 1902 669 1985; baseline -0.011 -21"><span class='ocrx_word' id='word_1_96' title='bbox 307 1907 376 1985; x_wconf 87' lang='lat' dir='ltr'>pylo</span> <span class='ocrx_word' id='word_1_97' title='bbox 396 1902 595 1979; x_wconf 84' lang='lat' dir='ltr'>accipiendum</span> <span class='ocrx_word' id='word_1_98' title='bbox 615 1909 669 1962; x_wconf 89' lang='lat' dir='ltr'>est.</span> 
     </span>
    </p>
   </div>
   <div class='ocr_carea' id='block_1_7' title="bbox 309 2147 1529 2228">
    <p class='ocr_par' dir='ltr' id='par_1_7' title="bbox 309 2147 1529 2228">
     <span class='ocr_line' id='line_1_14' title="bbox 309 2147 1529 2228; baseline -0.002 -20"><span class='ocrx_word' id='word_1_99' title='bbox 309 2147 374 2208; x_wconf 74' lang='lat'>112.</span> <span class='ocrx_word' id='word_1_100' title='bbox 406 2147 521 2225; x_wconf 79' lang='lat' dir='ltr'>Aegina</span> <span class='ocrx_word' id='word_1_101' title='bbox 540 2149 569 2206; x_wconf 92' lang='lat' dir='ltr'>in</span> <span class='ocrx_word' id='word_1_102' title='bbox 589 2149 692 2209; x_wconf 77' lang='lat' dir='ltr'>insule.</span> <span class='ocrx_word' id='word_1_103' title='bbox 723 2150 759 2208; x_wconf 93' lang='lat' dir='ltr'>ln</span> <span class='ocrx_word' id='word_1_104' title='bbox 778 2151 879 2209; x_wconf 89' lang='lat' dir='ltr'>herma</span> <span class='ocrx_word' id='word_1_105' title='bbox 899 2149 1066 2228; x_wconf 79' lang='lat' dir='ltr'>anaglypho</span> <span class='ocrx_word' id='word_1_106' title='bbox 1085 2148 1219 2225; x_wconf 79' lang='lat' dir='ltr'>expressi</span> <span class='ocrx_word' id='word_1_107' title='bbox 1238 2153 1319 2206; x_wconf 89' lang='lat' dir='ltr'>stant</span> <span class='ocrx_word' id='word_1_108' title='bbox 1338 2147 1383 2204; x_wconf 84' lang='lat' dir='ltr'>vir</span> <span class='ocrx_word' id='word_1_109' title='bbox 1404 2148 1529 2206; x_wconf 84' lang='lat' dir='ltr'>vestitus</span> 
     </span>
    </p>
   </div>
   <div class='ocr_carea' id='block_1_8' title="bbox 311 2239 1622 2320">
    <p class='ocr_par' dir='ltr' id='par_1_8' title="bbox 311 2239 1622 2320">
     <span class='ocr_line' id='line_1_15' title="bbox 311 2239 1622 2320; baseline -0.002 -18"><span class='ocrx_word' id='word_1_110' title='bbox 311 2253 339 2302; x_wconf 89' lang='lat' dir='ltr'>et</span> <span class='ocrx_word' id='word_1_111' title='bbox 359 2261 430 2319; x_wconf 88' lang='lat' dir='ltr'>puer</span> <span class='ocrx_word' id='word_1_112' title='bbox 449 2240 543 2300; x_wconf 89' lang='lat' dir='ltr'>nudus</span> <span class='ocrx_word' id='word_1_113' title='bbox 563 2243 658 2318; x_wconf 82' lang='lat' dir='ltr'>strigil</span> <span class='ocrx_word' id='word_1_114' title='bbox 678 2253 707 2302; x_wconf 90' lang='lat' dir='ltr'>et</span> <span class='ocrx_word' id='word_1_115' title='bbox 727 2243 838 2304; x_wconf 85' lang='lat' dir='ltr'>discum</span> <span class='ocrx_word' id='word_1_116' title='bbox 858 2244 990 2303; x_wconf 88' lang='lat' dir='ltr'>manibus</span> <span class='ocrx_word' id='word_1_117' title='bbox 1010 2254 1118 2304; x_wconf 88' lang='lat' dir='ltr'>tenens.</span> <span class='ocrx_word' id='word_1_118' title='bbox 1149 2243 1199 2301; x_wconf 87' lang='lat' dir='ltr'>Ex</span> <span class='ocrx_word' id='word_1_119' title='bbox 1219 2239 1373 2320; x_wconf 86' lang='lat' dir='ltr'>Stephonii</span> <span class='ocrx_word' id='word_1_120' title='bbox 1388 2241 1529 2318; x_wconf 72' lang='lat' dir='ltr'>Parerqr&#39;s</span> <span class='ocrx_word' id='word_1_121' title='bbox 1621 2285 1622 2306; x_wconf 52' lang='lat'>2</span> 
     </span>
    </p>
   </div>
   <div class='ocr_carea' id='block_1_9' title="bbox 310 2335 873 2414">
    <p class='ocr_par' dir='ltr' id='par_1_9' title="bbox 310 2335 873 2414">
     <span class='ocr_line' id='line_1_16' title="bbox 310 2335 873 2414; baseline 0.002 -19"><span class='ocrx_word' id='word_1_122' title='bbox 310 2337 388 2397; x_wconf 82' lang='lat' dir='ltr'>arch.</span> <span class='ocrx_word' id='word_1_123' title='bbox 411 2336 483 2414; x_wconf 86' lang='lat' dir='ltr'>(IX)</span> <span class='ocrx_word' id='word_1_124' title='bbox 505 2335 570 2396; x_wconf 84' lang='lat' dir='ltr'>Keil</span> <span class='ocrx_word' id='word_1_125' title='bbox 590 2337 693 2397; x_wconf 83' lang='lat' dir='ltr'>Philol.</span> <span class='ocrx_word' id='word_1_126' title='bbox 715 2337 787 2398; x_wconf 86' lang='lat' dir='ltr'>VIII</span> <span class='ocrx_word' id='word_1_127' title='bbox 809 2338 873 2396; x_wconf 85' lang='lat'>174.</span> 
     </span>
    </p>
   </div>
   <div class='ocr_carea' id='block_1_10' title="bbox 458 2471 1352 2869">
    <p class='ocr_par' dir='ltr' id='par_1_10' title="bbox 458 2471 1263 2667">
     <span class='ocr_line' id='line_1_17' title="bbox 458 2471 1263 2566; baseline -0.001 -23"><span class='ocrx_word' id='word_1_128' title='bbox 458 2473 611 2566; x_wconf 76' lang='grc' dir='ltr'><strong><em>Ἀντιοχῆ</em></strong></span> <span class='ocrx_word' id='word_1_129' title='bbox 636 2479 829 2561; x_wconf 83' lang='grc' dir='ltr'><em>Θεμίσωνος</em></span> <span class='ocrx_word' id='word_1_130' title='bbox 851 2471 1068 2564; x_wconf 77' lang='grc' dir='ltr'><strong><em>ἀεθλοφόρου</em></strong></span> <span class='ocrx_word' id='word_1_131' title='bbox 1090 2475 1181 2556; x_wconf 79' lang='grc' dir='ltr'><strong><em>κόνις</em></strong></span> <span class='ocrx_word' id='word_1_132' title='bbox 1203 2473 1263 2564; x_wconf 77' lang='grc' dir='ltr'>ἥδε</span> 
     </span>
     <span class='ocr_line' id='line_1_18' title="bbox 525 2575 1225 2667; baseline -0.003 -23"><span class='ocrx_word' id='word_1_133' title='bbox 525 2575 641 2644; x_wconf 73' lang='grc' dir='ltr'><strong><em>κείθει</em></strong></span> <span class='ocrx_word' id='word_1_134' title='bbox 664 2579 827 2667; x_wconf 79' lang='grc' dir='ltr'><strong><em>διοδεχέτρ</em></strong></span> <span class='ocrx_word' id='word_1_135' title='bbox 851 2578 959 2644; x_wconf 81' lang='grc' dir='ltr'><strong><em>παῖδα</em></strong></span> <span class='ocrx_word' id='word_1_136' title='bbox 985 2575 1225 2664; x_wconf 79' lang='grc' dir='ltr'><strong><em>Θεμιστοκλέα,</em></strong></span> 
     </span>
    </p>

    <p class='ocr_par' dir='ltr' id='par_1_11' title="bbox 465 2672 1352 2869">
     <span class='ocr_line' id='line_1_19' title="bbox 465 2672 1351 2767; baseline -0.006 -20"><span class='ocrx_word' id='word_1_137' title='bbox 465 2673 504 2758; x_wconf 69' lang='grc' dir='ltr'>ὃς</span> <span class='ocrx_word' id='word_1_138' title='bbox 523 2679 649 2764; x_wconf 76' lang='grc' dir='ltr'><strong><em>βουλᾶν</em></strong></span> <span class='ocrx_word' id='word_1_139' title='bbox 671 2679 727 2745; x_wconf 78' lang='grc' dir='ltr'>καὶ</span> <span class='ocrx_word' id='word_1_140' title='bbox 749 2676 881 2767; x_wconf 78' lang='grc' dir='ltr'><strong><em>θάρσος</em></strong></span> <span class='ocrx_word' id='word_1_141' title='bbox 903 2674 984 2761; x_wconf 79' lang='grc' dir='ltr'><strong><em>ἔχων</em></strong></span> <span class='ocrx_word' id='word_1_142' title='bbox 1005 2673 1050 2745; x_wconf 82' lang='lat' dir='ltr'>i&#39;c’</span> <span class='ocrx_word' id='word_1_143' title='bbox 1067 2672 1229 2765; x_wconf 78' lang='grc' dir='ltr'><strong><em>ὁμωνύμῳ</em></strong></span> <span class='ocrx_word' id='word_1_144' title='bbox 1254 2672 1351 2764; x_wconf 79' lang='grc' dir='ltr'><strong><em>ἀνδρί</em></strong></span> 
     </span>
     <span class='ocr_line' id='line_1_20' title="bbox 530 2774 1352 2869; baseline 0.001 -25"><span class='ocrx_word' id='word_1_145' title='bbox 530 2777 687 2867; x_wconf 56' lang='lat' dir='ltr'>&amp;Mouet</span> <span class='ocrx_word' id='word_1_146' title='bbox 709 2777 769 2869; x_wconf 76' lang='grc' dir='ltr'>τὴν</span> <span class='ocrx_word' id='word_1_147' title='bbox 790 2783 918 2866; x_wconf 83' lang='grc' dir='ltr'><strong><em>μοιρῶν</em></strong></span> <span class='ocrx_word' id='word_1_148' title='bbox 941 2774 980 2844; x_wconf 83' lang='grc' dir='ltr'>οὐ</span> <span class='ocrx_word' id='word_1_149' title='bbox 1002 2777 1184 2864; x_wconf 82' lang='grc' dir='ltr'><strong><em>προφυγὼν</em></strong></span> <span class='ocrx_word' id='word_1_150' title='bbox 1205 2777 1352 2861; x_wconf 75' lang='grc' dir='ltr'>δύναμιν.</span> 
     </span>
    </p>
   </div>
   <div class='ocr_carea' id='block_1_11' title="bbox 316 2931 1544 4424">
    <p class='ocr_par' dir='ltr' id='par_1_12' title="bbox 316 2931 1544 4424">
     <span class='ocr_line' id='line_1_21' title="bbox 395 2931 1533 3009; baseline -0.006 -13"><span class='ocrx_word' id='word_1_151' title='bbox 395 2938 525 2996; x_wconf 77' lang='lat' dir='ltr'>Litterae</span> <span class='ocrx_word' id='word_1_152' title='bbox 545 2952 577 2994; x_wconf 78' lang='lat' dir='ltr'>oz</span> <span class='ocrx_word' id='word_1_153' title='bbox 599 2931 748 2992; x_wconf 89' lang='lat' dir='ltr'>meliorem</span> <span class='ocrx_word' id='word_1_154' title='bbox 769 2943 942 2994; x_wconf 78' lang='lat' dir='ltr'>testarentur</span> <span class='ocrx_word' id='word_1_155' title='bbox 962 2943 1097 3009; x_wconf 84' lang='lat' dir='ltr'>aetatem,</span> <span class='ocrx_word' id='word_1_156' title='bbox 1116 2935 1172 2994; x_wconf 89' lang='lat' dir='ltr'>nisi</span> <span class='ocrx_word' id='word_1_157' title='bbox 1192 2935 1292 2994; x_wconf 82' lang='lat' dir='ltr'>dativo</span> <span class='ocrx_word' id='word_1_158' title='bbox 1313 2936 1372 2994; x_wconf 85' lang='lat' dir='ltr'>v.3</span> <span class='ocrx_word' id='word_1_159' title='bbox 1394 2934 1456 2992; x_wconf 84' lang='lat' dir='ltr'>iota</span> <span class='ocrx_word' id='word_1_160' title='bbox 1475 2932 1533 2990; x_wconf 82' lang='lat' dir='ltr'>nd·</span> 
     </span>
     <span class='ocr_line' id='line_1_22' title="bbox 321 3026 1539 3108; baseline -0.004 -20"><span class='ocrx_word' id='word_1_161' title='bbox 321 3031 463 3108; x_wconf 87' lang='lat' dir='ltr'>scriptum</span> <span class='ocrx_word' id='word_1_162' title='bbox 489 3049 546 3087; x_wconf 91' lang='lat' dir='ltr'>non</span> <span class='ocrx_word' id='word_1_163' title='bbox 572 3036 657 3088; x_wconf 88' lang='lat' dir='ltr'>esset.</span> <span class='ocrx_word' id='word_1_164' title='bbox 670 3027 825 3104; x_wconf 86' lang='lat' dir='ltr'>—Recepi</span> <span class='ocrx_word' id='word_1_165' title='bbox 851 3029 925 3088; x_wconf 90' lang='lat' dir='ltr'>inter</span> <span class='ocrx_word' id='word_1_166' title='bbox 949 3031 1039 3089; x_wconf 88' lang='lat' dir='ltr'>attica</span> <span class='ocrx_word' id='word_1_167' title='bbox 1062 3038 1183 3107; x_wconf 87' lang='lat' dir='ltr'>propter</span> <span class='ocrx_word' id='word_1_168' title='bbox 1203 3029 1323 3090; x_wconf 89' lang='lat' dir='ltr'>nomina</span> <span class='ocrx_word' id='word_1_169' title='bbox 1341 3035 1372 3088; x_wconf 89' lang='lat' dir='ltr'>et</span> <span class='ocrx_word' id='word_1_170' title='bbox 1391 3026 1485 3106; x_wconf 87' lang='lat' dir='ltr'>patris</span> <span class='ocrx_word' id='word_1_171' title='bbox 1506 3036 1539 3084; x_wconf 91' lang='lat' dir='ltr'>et</span> 
     </span>
     <span class='ocr_line' id='line_1_23' title="bbox 317 3121 1536 3201; baseline -0.004 -19"><span class='ocrx_word' id='word_1_172' title='bbox 317 3124 380 3198; x_wconf 86' lang='lat' dir='ltr'>filii,</span> <span class='ocrx_word' id='word_1_173' title='bbox 401 3123 456 3181; x_wconf 89' lang='lat' dir='ltr'>etsi</span> <span class='ocrx_word' id='word_1_174' title='bbox 476 3142 550 3201; x_wconf 83' lang='lat' dir='ltr'>quse</span> <span class='ocrx_word' id='word_1_175' title='bbox 571 3131 638 3180; x_wconf 89' lang='lat' dir='ltr'>tunc</span> <span class='ocrx_word' id='word_1_176' title='bbox 659 3121 796 3196; x_wconf 91' lang='lat' dir='ltr'>temporis</span> <span class='ocrx_word' id='word_1_177' title='bbox 814 3124 1020 3200; x_wconf 82' lang='lat' dir='ltr'>Aeginetarum</span> <span class='ocrx_word' id='word_1_178' title='bbox 1041 3143 1106 3183; x_wconf 89' lang='lat' dir='ltr'>sors</span> <span class='ocrx_word' id='word_1_179' title='bbox 1126 3125 1213 3184; x_wconf 85' lang='lat' dir='ltr'>suerit</span> <span class='ocrx_word' id='word_1_180' title='bbox 1231 3125 1387 3188; x_wconf 82' lang='lat' dir='ltr'>nescimus:</span> <span class='ocrx_word' id='word_1_181' title='bbox 1409 3131 1536 3200; x_wconf 87' lang='lat' dir='ltr'>possunt</span> 
     </span>
     <span class='ocr_line' id='line_1_24' title="bbox 318 3207 1536 3294; baseline -0.005 -16"><span class='ocrx_word' id='word_1_182' title='bbox 318 3239 354 3278; x_wconf 90' lang='lat' dir='ltr'>ex</span> <span class='ocrx_word' id='word_1_183' title='bbox 374 3217 536 3294; x_wconf 86' lang='lat' dir='ltr'>antiquiore</span> <span class='ocrx_word' id='word_1_184' title='bbox 556 3227 686 3293; x_wconf 90' lang='lat' dir='ltr'>tempore</span> <span class='ocrx_word' id='word_1_185' title='bbox 707 3216 897 3275; x_wconf 80' lang='lat' dir='ltr'>Athenienses</span> <span class='ocrx_word' id='word_1_186' title='bbox 917 3207 946 3275; x_wconf 85' lang='lat' dir='ltr'>in</span> <span class='ocrx_word' id='word_1_187' title='bbox 967 3218 1063 3277; x_wconf 83' lang='lat' dir='ltr'>insule</span> <span class='ocrx_word' id='word_1_188' title='bbox 1082 3219 1178 3277; x_wconf 80' lang='lat' dir='ltr'>vicino</span> <span class='ocrx_word' id='word_1_189' title='bbox 1197 3217 1381 3276; x_wconf 86' lang='lat' dir='ltr'>remansisse.</span> <span class='ocrx_word' id='word_1_190' title='bbox 1415 3214 1536 3273; x_wconf 78' lang='lat' dir='ltr'>Temen</span> 
     </span>
     <span class='ocr_line' id='line_1_25' title="bbox 316 3309 1538 3391; baseline -0.003 -21"><span class='ocrx_word' id='word_1_191' title='bbox 316 3319 438 3391; x_wconf 83' lang='lat' dir='ltr'>propter</span> <span class='ocrx_word' id='word_1_192' title='bbox 457 3313 573 3370; x_wconf 88' lang='lat' dir='ltr'>nomina</span> <span class='ocrx_word' id='word_1_193' title='bbox 594 3331 661 3369; x_wconf 84' lang='lat' dir='ltr'>rere</span> <span class='ocrx_word' id='word_1_194' title='bbox 681 3309 769 3368; x_wconf 84' lang='lat' dir='ltr'>sttice</span> <span class='ocrx_word' id='word_1_195' title='bbox 788 3329 824 3368; x_wconf 90' lang='lat' dir='ltr'>ne</span> <span class='ocrx_word' id='word_1_196' title='bbox 845 3311 909 3384; x_wconf 89' lang='lat' dir='ltr'>quis</span> <span class='ocrx_word' id='word_1_197' title='bbox 923 3311 1110 3370; x_wconf 84' lang='lat' dir='ltr'>Antiochiam</span> <span class='ocrx_word' id='word_1_198' title='bbox 1130 3331 1237 3389; x_wconf 78' lang='lat' dir='ltr'>pagum</span> <span class='ocrx_word' id='word_1_199' title='bbox 1258 3311 1378 3371; x_wconf 82' lang='lat' dir='ltr'>etticnm</span> <span class='ocrx_word' id='word_1_200' title='bbox 1392 3319 1538 3385; x_wconf 84' lang='lat' dir='ltr'>recoquet</span> 
     </span>
     <span class='ocr_line' id='line_1_26' title="bbox 317 3393 1536 3482; baseline -0.002 -18"><span class='ocrx_word' id='word_1_201' title='bbox 317 3427 403 3465; x_wconf 90' lang='lat' dir='ltr'>unum</span> <span class='ocrx_word' id='word_1_202' title='bbox 428 3424 540 3464; x_wconf 89' lang='lat' dir='ltr'>moneo.</span> <span class='ocrx_word' id='word_1_203' title='bbox 581 3405 736 3464; x_wconf 87' lang='lat' dir='ltr'>Mulierum</span> <span class='ocrx_word' id='word_1_204' title='bbox 762 3404 916 3462; x_wconf 90' lang='lat' dir='ltr'>atticarum</span> <span class='ocrx_word' id='word_1_205' title='bbox 941 3406 1107 3464; x_wconf 87' lang='lat' dir='ltr'>nominibus</span> <span class='ocrx_word' id='word_1_206' title='bbox 1132 3424 1189 3464; x_wconf 92' lang='lat' dir='ltr'>non</span> <span class='ocrx_word' id='word_1_207' title='bbox 1216 3406 1275 3464; x_wconf 85' lang='lat' dir='ltr'>fere</span> <span class='ocrx_word' id='word_1_208' title='bbox 1295 3405 1412 3482; x_wconf 75' lang='lat' dir='ltr'>adiungi</span> <span class='ocrx_word' id='word_1_209' title='bbox 1432 3393 1463 3462; x_wconf 70' lang='grc' dir='ltr'>τὲ</span> <span class='ocrx_word' id='word_1_210' title='bbox 1486 3398 1536 3478; x_wconf 68' lang='lat' dir='ltr'>dq-</span> 
     </span>
     <span class='ocr_line' id='line_1_27' title="bbox 318 3487 1539 3579; baseline -0.002 -21"><span class='ocrx_word' id='word_1_211' title='bbox 318 3487 428 3579; x_wconf 71' lang='grc' dir='ltr'><strong><em>μιτοιᾶν</em></strong></span> <span class='ocrx_word' id='word_1_212' title='bbox 450 3509 498 3558; x_wconf 88' lang='lat' dir='ltr'>sat</span> <span class='ocrx_word' id='word_1_213' title='bbox 522 3507 622 3558; x_wconf 88' lang='lat' dir='ltr'>notum</span> <span class='ocrx_word' id='word_1_214' title='bbox 647 3507 704 3570; x_wconf 87' lang='lat' dir='ltr'>est,</span> <span class='ocrx_word' id='word_1_215' title='bbox 730 3498 811 3557; x_wconf 91' lang='lat' dir='ltr'>cuius</span> <span class='ocrx_word' id='word_1_216' title='bbox 837 3498 953 3573; x_wconf 91' lang='lat' dir='ltr'>quidem</span> <span class='ocrx_word' id='word_1_217' title='bbox 978 3499 1019 3556; x_wconf 92' lang='lat' dir='ltr'>rei</span> <span class='ocrx_word' id='word_1_218' title='bbox 1045 3500 1161 3577; x_wconf 82' lang='lat' dir='ltr'>omissis</span> <span class='ocrx_word' id='word_1_219' title='bbox 1182 3498 1330 3558; x_wconf 80' lang='lat' dir='ltr'>fraudibus</span> <span class='ocrx_word' id='word_1_220' title='bbox 1350 3499 1539 3558; x_wconf 82' lang='lat' dir='ltr'>Lenormen-</span> 
     </span>
     <span class='ocr_line' id='line_1_28' title="bbox 320 3592 1540 3670; baseline -0.002 -19"><span class='ocrx_word' id='word_1_221' title='bbox 320 3593 406 3651; x_wconf 85' lang='lat' dir='ltr'>tienis</span> <span class='ocrx_word' id='word_1_222' title='bbox 427 3593 580 3651; x_wconf 82' lang='lat' dir='ltr'>rarissima</span> <span class='ocrx_word' id='word_1_223' title='bbox 600 3603 665 3650; x_wconf 89' lang='lat' dir='ltr'>sunt</span> <span class='ocrx_word' id='word_1_224' title='bbox 684 3592 832 3670; x_wconf 81' lang='lat' dir='ltr'>exempls3</span> <span class='ocrx_word' id='word_1_225' title='bbox 853 3592 993 3650; x_wconf 79' lang='lat' dir='ltr'>uxoribus</span> <span class='ocrx_word' id='word_1_226' title='bbox 1013 3613 1091 3662; x_wconf 88' lang='lat' dir='ltr'>vero,</span> <span class='ocrx_word' id='word_1_227' title='bbox 1112 3593 1166 3652; x_wconf 88' lang='lat' dir='ltr'>nisi</span> <span class='ocrx_word' id='word_1_228' title='bbox 1187 3593 1237 3652; x_wconf 92' lang='lat' dir='ltr'>ubi</span> <span class='ocrx_word' id='word_1_229' title='bbox 1257 3592 1416 3652; x_wconf 78' lang='lat' dir='ltr'>recentiore</span> <span class='ocrx_word' id='word_1_230' title='bbox 1436 3597 1540 3649; x_wconf 71' lang='lat' dir='ltr'>aetate</span> 
     </span>
     <span class='ocr_line' id='line_1_29' title="bbox 319 3685 1540 3764; baseline 0.001 -21"><span class='ocrx_word' id='word_1_231' title='bbox 319 3686 391 3743; x_wconf 88' lang='lat' dir='ltr'>civis</span> <span class='ocrx_word' id='word_1_232' title='bbox 416 3687 504 3743; x_wconf 88' lang='lat' dir='ltr'>attica</span> <span class='ocrx_word' id='word_1_233' title='bbox 528 3687 680 3763; x_wconf 80' lang='lat' dir='ltr'>peregrino</span> <span class='ocrx_word' id='word_1_234' title='bbox 707 3687 836 3761; x_wconf 86' lang='lat' dir='ltr'>nupserit</span> <span class='ocrx_word' id='word_1_235' title='bbox 862 3685 997 3761; x_wconf 76' lang='lat' dir='ltr'>(cuman.</span> <span class='ocrx_word' id='word_1_236' title='bbox 1023 3687 1119 3762; x_wconf 85' lang='lat'>1108),</span> <span class='ocrx_word' id='word_1_237' title='bbox 1145 3705 1292 3764; x_wconf 76' lang='lat' dir='ltr'>nunquam</span> <span class='ocrx_word' id='word_1_238' title='bbox 1317 3685 1447 3758; x_wconf 87' lang='lat' dir='ltr'>additur;</span> <span class='ocrx_word' id='word_1_239' title='bbox 1475 3705 1540 3744; x_wconf 90' lang='lat' dir='ltr'>non</span> 
     </span>
     <span class='ocr_line' id='line_1_30' title="bbox 321 3778 1541 3840; baseline 0.002 -3"><span class='ocrx_word' id='word_1_240' title='bbox 321 3781 397 3837; x_wconf 89' lang='lat' dir='ltr'>enim</span> <span class='ocrx_word' id='word_1_241' title='bbox 422 3779 478 3837; x_wconf 89' lang='lat' dir='ltr'>huc</span> <span class='ocrx_word' id='word_1_242' title='bbox 496 3778 606 3838; x_wconf 84' lang='lat' dir='ltr'>referes</span> <span class='ocrx_word' id='word_1_243' title='bbox 626 3780 740 3836; x_wconf 88' lang='lat' dir='ltr'>titulum</span> <span class='ocrx_word' id='word_1_244' title='bbox 761 3798 899 3838; x_wconf 88' lang='lat' dir='ltr'>romanae</span> <span class='ocrx_word' id='word_1_245' title='bbox 919 3780 1022 3838; x_wconf 84' lang='lat' dir='ltr'>estatis</span> <span class='ocrx_word' id='word_1_246' title='bbox 1043 3779 1164 3839; x_wconf 72' lang='lat' dir='ltr'>(ioman.</span> <span class='ocrx_word' id='word_1_247' title='bbox 1186 3782 1251 3840; x_wconf 84' lang='lat'>939.</span> <span class='ocrx_word' id='word_1_248' title='bbox 1292 3779 1541 3839; x_wconf 80' lang='lat' dir='ltr'>Antiochensium</span> 
     </span>
     <span class='ocr_line' id='line_1_31' title="bbox 321 3872 1540 3949; baseline 0.001 -18"><span class='ocrx_word' id='word_1_249' title='bbox 321 3880 424 3931; x_wconf 80' lang='lat' dir='ltr'>contro</span> <span class='ocrx_word' id='word_1_250' title='bbox 442 3872 594 3930; x_wconf 86' lang='lat' dir='ltr'>mulierum</span> <span class='ocrx_word' id='word_1_251' title='bbox 615 3873 721 3949; x_wconf 90' lang='lat' dir='ltr'>ubique</span> <span class='ocrx_word' id='word_1_252' title='bbox 741 3874 908 3932; x_wconf 88' lang='lat' dir='ltr'>nominatur</span> <span class='ocrx_word' id='word_1_253' title='bbox 927 3873 1032 3949; x_wconf 77' lang='lat' dir='ltr'>patrie,</span> <span class='ocrx_word' id='word_1_254' title='bbox 1053 3873 1115 3934; x_wconf 86' lang='lat' dir='ltr'>sive</span> <span class='ocrx_word' id='word_1_255' title='bbox 1135 3875 1245 3933; x_wconf 85' lang='lat' dir='ltr'>civibus</span> <span class='ocrx_word' id='word_1_256' title='bbox 1266 3874 1361 3933; x_wconf 79' lang='lat' dir='ltr'>atticis</span> <span class='ocrx_word' id='word_1_257' title='bbox 1382 3891 1433 3932; x_wconf 89' lang='lat' dir='ltr'>seu</span> <span class='ocrx_word' id='word_1_258' title='bbox 1450 3892 1540 3949; x_wconf 88' lang='lat' dir='ltr'>pere-</span> 
     </span>
     <span class='ocr_line' id='line_1_32' title="bbox 320 3963 1543 4044; baseline 0.002 -20"><span class='ocrx_word' id='word_1_259' title='bbox 320 3967 412 4044; x_wconf 80' lang='lat' dir='ltr'>grinis</span> <span class='ocrx_word' id='word_1_260' title='bbox 442 3967 599 4043; x_wconf 90' lang='lat' dir='ltr'>nupserint.</span> <span class='ocrx_word' id='word_1_261' title='bbox 643 3967 726 4025; x_wconf 83' lang='lat' dir='ltr'>Heee</span> <span class='ocrx_word' id='word_1_262' title='bbox 755 3969 830 4025; x_wconf 80' lang='lat' dir='ltr'>enlm</span> <span class='ocrx_word' id='word_1_263' title='bbox 860 3977 903 4026; x_wconf 90' lang='lat' dir='ltr'>est</span> <span class='ocrx_word' id='word_1_264' title='bbox 928 3987 1027 4026; x_wconf 91' lang='lat' dir='ltr'>eorum</span> <span class='ocrx_word' id='word_1_265' title='bbox 1053 3969 1201 4028; x_wconf 87' lang='lat' dir='ltr'>titulorum</span> <span class='ocrx_word' id='word_1_266' title='bbox 1227 3969 1322 4027; x_wconf 85' lang='lat' dir='ltr'>forma</span> <span class='ocrx_word' id='word_1_267' title='bbox 1346 3965 1360 4043; x_wconf 64' lang='lat' dir='ltr'>*l</span> <span class='ocrx_word' id='word_1_268' title='bbox 1387 3963 1459 4026; x_wconf 63' lang='grc' dir='ltr'><strong><em>ὁὶῒνιι</em></strong></span> <span class='ocrx_word' id='word_1_269' title='bbox 1484 3972 1543 4026; x_wconf 69' lang='grc' dir='ltr'>τοῦ</span> 
     </span>
     <span class='ocr_line' id='line_1_33' title="bbox 321 4047 1543 4139; baseline 0.002 -21"><span class='ocrx_word' id='word_1_270' title='bbox 321 4055 393 4118; x_wconf 76' lang='lat' dir='ltr'>deira</span> <span class='ocrx_word' id='word_1_271' title='bbox 415 4047 595 4139; x_wconf 73' lang='grc' dir='ltr'><strong><em>Ἀντιόχισσιι</em></strong></span> <span class='ocrx_word' id='word_1_272' title='bbox 625 4063 676 4119; x_wconf 75' lang='grc' dir='ltr'>τοῦ</span> <span class='ocrx_word' id='word_1_273' title='bbox 706 4055 777 4118; x_wconf 78' lang='lat' dir='ltr'>deire</span> <span class='ocrx_word' id='word_1_274' title='bbox 806 4049 882 4135; x_wconf 63' lang='lat' dir='ltr'>quud.</span> <span class='ocrx_word' id='word_1_275' title='bbox 925 4060 1084 4139; x_wconf 76' lang='lat' dir='ltr'>Nunquam</span> <span class='ocrx_word' id='word_1_276' title='bbox 1108 4072 1259 4138; x_wconf 83' lang='lat' dir='ltr'>praeterea</span> <span class='ocrx_word' id='word_1_277' title='bbox 1282 4061 1475 4120; x_wconf 87' lang='lat' dir='ltr'>Athenienses</span> <span class='ocrx_word' id='word_1_278' title='bbox 1501 4061 1543 4121; x_wconf 92' lang='lat' dir='ltr'>de</span> 
     </span>
     <span class='ocr_line' id='line_1_34' title="bbox 319 4143 1543 4234; baseline 0.003 -22"><span class='ocrx_word' id='word_1_279' title='bbox 319 4171 460 4231; x_wconf 82' lang='lat' dir='ltr'>pagorum</span> <span class='ocrx_word' id='word_1_280' title='bbox 475 4154 638 4212; x_wconf 90' lang='lat' dir='ltr'>nominibus</span> <span class='ocrx_word' id='word_1_281' title='bbox 659 4173 783 4231; x_wconf 88' lang='lat' dir='ltr'>quorum</span> <span class='ocrx_word' id='word_1_282' title='bbox 803 4143 945 4234; x_wconf 64' lang='lat' dir='ltr'>ruperunt</span> <span class='ocrx_word' id='word_1_283' title='bbox 962 4147 1086 4224; x_wconf 69' lang='lat' dir='ltr'>in-eu‘g</span> <span class='ocrx_word' id='word_1_284' title='bbox 1101 4157 1206 4215; x_wconf 87' lang='lat' dir='ltr'>desinit</span> <span class='ocrx_word' id='word_1_285' title='bbox 1225 4156 1348 4218; x_wconf 87' lang='lat' dir='ltr'>formam</span> <span class='ocrx_word' id='word_1_286' title='bbox 1363 4155 1543 4216; x_wconf 80' lang='lat' dir='ltr'>femininam</span> 
     </span>
     <span class='ocr_line' id='line_1_35' title="bbox 321 4246 1544 4326; baseline 0.002 -20"><span class='ocrx_word' id='word_1_287' title='bbox 321 4249 475 4307; x_wconf 85' lang='lat' dir='ltr'>finxerunt.</span> <span class='ocrx_word' id='word_1_288' title='bbox 520 4246 621 4323; x_wconf 90' lang='lat' dir='ltr'>ltaque</span> <span class='ocrx_word' id='word_1_289' title='bbox 646 4247 854 4307; x_wconf 84' lang='lat' dir='ltr'>Themistocles</span> <span class='ocrx_word' id='word_1_290' title='bbox 885 4248 1070 4308; x_wconf 85' lang='lat' dir='ltr'>Themisonis</span> <span class='ocrx_word' id='word_1_291' title='bbox 1100 4249 1120 4309; x_wconf 81' lang='lat' dir='ltr'>f.</span> <span class='ocrx_word' id='word_1_292' title='bbox 1151 4269 1209 4308; x_wconf 88' lang='lat' dir='ltr'>non</span> <span class='ocrx_word' id='word_1_293' title='bbox 1238 4251 1308 4309; x_wconf 81' lang='lat' dir='ltr'>ciris</span> <span class='ocrx_word' id='word_1_294' title='bbox 1333 4250 1447 4309; x_wconf 89' lang='lat' dir='ltr'>Atticus</span> <span class='ocrx_word' id='word_1_295' title='bbox 1472 4249 1544 4326; x_wconf 81' lang='lat' dir='ltr'>brit,</span> 
     </span>
     <span class='ocr_line' id='line_1_36' title="bbox 324 4341 1371 4424; baseline 0.003 -20"><span class='ocrx_word' id='word_1_296' title='bbox 324 4342 374 4404; x_wconf 86' lang='lat' dir='ltr'>scd</span> <span class='ocrx_word' id='word_1_297' title='bbox 395 4341 609 4416; x_wconf 85' lang='lat' dir='ltr'>Antiochensis,</span> <span class='ocrx_word' id='word_1_298' title='bbox 629 4360 729 4400; x_wconf 87' lang='lat' dir='ltr'>eorum</span> <span class='ocrx_word' id='word_1_299' title='bbox 750 4361 828 4420; x_wconf 83' lang='lat' dir='ltr'>vero,</span> <span class='ocrx_word' id='word_1_300' title='bbox 848 4344 897 4422; x_wconf 88' lang='lat' dir='ltr'>qui</span> <span class='ocrx_word' id='word_1_301' title='bbox 917 4344 1036 4424; x_wconf 76' lang='lat' dir='ltr'>plurind</span> <span class='ocrx_word' id='word_1_302' title='bbox 1056 4344 1181 4406; x_wconf 82' lang='lat' dir='ltr'>Athenis</span> <span class='ocrx_word' id='word_1_303' title='bbox 1200 4344 1371 4411; x_wconf 70' lang='lat' dir='ltr'>incolebant</span> 
     </span>
    </p>
   </div>
   <div class='ocr_carea' id='block_1_12' title="bbox 0 0 1663 4914">
    <p class='ocr_par' dir='ltr' id='par_1_13' title="bbox 0 0 1663 4914">
     <span class='ocr_line' id='line_1_37' title="bbox 0 0 1663 4914; baseline 0 0"><span class='ocrx_word' id='word_1_304' title='bbox 0 0 1663 4914; x_wconf 95' lang='lat' dir='ltr'> </span> 
     </span>
    </p>
   </div>
  </div>
 </body>
</html>
