3260 4914
609 399 744 470 praelatio
1250 416 1287 466 lx

88 567 169 626 sciunt
198 567 247 644 qui
277 567 480 627 admirabilem
514 567 576 628 eius
608 569 770 628 doctrinam
799 574 948 644 noverunt,
981 569 1050 644 quid
1081 549 1203 630 voluerit
1232 593 1286 651 pro

88 671 189 747 egregia
207 671 268 729 eius
289 688 360 748 erga
379 689 425 728 me
447 672 598 731 voluntate
618 671 713 731 omnis
738 671 798 729 lere
822 672 930 748 pagina
957 671 1112 733 clamitat:
1132 669 1175 732 illi
1199 677 1286 753 igitur

89 771 230 831 iucundum
252 778 298 831 est
318 773 405 832 etiam
427 774 539 850 publice
558 775 670 851 gratias
690 792 776 851 agere
796 774 964 851 singulares.

156 875 218 953 lpse
241 876 367 952 denique
392 895 480 952 quam
507 876 728 935 adcuratissime
756 875 834 934 tituli
859 878 948 934 rerba
973 880 1165 938 transcribere
1189 883 1287 941 studui

90 997 119 1034 uc
141 977 366 1056 orthographicis
391 979 508 1055 quidem
534 978 645 1037 mendis
672 978 804 1052 sublatis,
834 979 894 1037 iota
913 988 992 1036 muto
1013 981 1089 1056 quod
1110 982 1216 1042 dicitur
1235 985 1286 1044 ad·

91 1079 186 1156 scripto
206 1081 255 1139 ubi
275 1082 400 1140 traditur
419 1081 605 1157 adscriptum,
627 1082 790 1158 subscripto
816 1081 865 1139 ubi
891 1081 1032 1141 omissum
1056 1093 1100 1142 est
1123 1085 1153 1142 iu
1179 1085 1285 1162 lapide.
1367 1063 1368 1066 Ἴ

92 1182 258 1244 Emendandi
289 1183 404 1262 copiam
433 1185 476 1242 ita
503 1184 571 1241 mihi
597 1184 697 1259 paravi
722 1189 755 1241 ut
780 1184 876 1242 varias
902 1192 929 1241 et
954 1185 1163 1260 lapidariorum
1189 1199 1217 1246 et
1236 1190 1286 1250 de·

90 1285 259 1344 scribentium
280 1286 394 1344 errandi
415 1305 519 1344 causas
539 1286 602 1361 ipse
622 1305 686 1344 cum
707 1288 737 1344 in
749 1286 874 1346 Graecia
889 1285 1031 1363 Italiaque
1051 1288 1120 1347 olim
1140 1290 1286 1349 biennium

93 1406 208 1448 versarer
228 1391 299 1448 satis
320 1399 456 1466 expertus
477 1389 525 1446 ubi
547 1389 609 1446 lieri
629 1389 725 1465 potuit
743 1388 896 1466 diligenter
908 1390 1070 1448 litterarum
1083 1391 1286 1450 similitudines

91 1489 207 1564 rimarer,
241 1492 289 1550 ubi
324 1511 360 1551 ex
394 1491 629 1569 apographorum
659 1490 756 1549 indole
785 1493 849 1549 fieri
881 1494 1019 1568 nequibat
1048 1493 1286 1570 epigrammatum

89 1612 159 1650 usum
178 1594 225 1650 diu
244 1595 429 1653 observatum
450 1613 600 1670 sequerer;
621 1613 678 1670 quo
698 1593 790 1652 fretus
810 1613 864 1654 usu
884 1595 998 1672 saepius
1019 1595 1122 1654 mutila
1134 1596 1284 1654 restituere

89 1704 192 1753 conatus
211 1714 283 1767 sum,
306 1707 336 1754 ut
355 1698 494 1773 pristinae
520 1697 632 1755 formae
656 1697 812 1773 imaginem
838 1707 1087 1775 repraesentarem
1094 1718 1103 1769 ;
1133 1699 1211 1774 qnod
1237 1698 1285 1775 qui

90 1797 210 1868 audacius
230 1800 337 1858 lactum
361 1799 509 1858 clamitent
532 1800 683 1876 ignoscant
708 1800 757 1858 ubi
783 1801 855 1858 bene
885 1801 969 1859 cessit
1000 1820 1097 1877 opera,
1129 1801 1178 1859 ubi
1209 1802 1286 1860 male

90 1901 165 1959 cessit
183 1903 325 1980 corrigant
344 1903 411 1980 ipsi.

154 2002 284 2064 Ceterum
306 2007 416 2064 monito
443 2006 493 2062 vix
514 2022 588 2081 opus
614 2013 657 2062 est
681 2023 755 2080 quae
782 2007 819 2064 ab
852 2005 918 2064 aliis
944 2007 1061 2064 inventa
1087 2015 1154 2065 sunt
1179 2027 1213 2065 ca
1241 2008 1286 2066 rel

88 2106 266 2166 minutissima
286 2107 323 2166 ad
344 2127 426 2165 suum
449 2125 579 2184 quaeque
600 2117 746 2166 auctorem
767 2127 813 2166 me
833 2108 994 2180 rettulissc;
1025 2107 1077 2168 ubi
1103 2128 1208 2168 nomeu
1230 2129 1285 2168 nou

89 2207 189 2267 additur
207 2229 272 2270 meo
292 2211 386 2288 ipsius
408 2210 453 2286 agi
474 2209 603 2285 periculo
625 2209 735 2267 scitote.
766 2209 912 2268 Permulta
925 2211 1021 2268 minus
1035 2230 1121 2286 quam
1137 2211 1285 2270 volueram

90 2311 224 2370 emendata
243 2322 271 2370 et
291 2313 436 2392 perpolita
456 2319 634 2385 manserunt,
656 2331 779 2388 qnorum
799 2313 857 2370 alia
878 2313 933 2370 nisi
955 2313 1036 2371 noris
1057 2313 1194 2372 adhibitis
1215 2334 1285 2390 apo-

31 2413 34 2418 ’
90 2413 197 2488 graphia
216 2415 364 2474 emendari
384 2433 472 2491 posse
492 2415 655 2490 desperavi,
683 2415 742 2472 alia
762 2416 787 2472 si
808 2416 872 2490 quis
893 2416 1025 2492 sagacior
1045 2417 1157 2492 integro
1181 2417 1286 2475 iudicio

92 2533 143 2572 rem
163 2518 315 2595 adgressus
336 2518 390 2576 erit
410 2517 490 2575 facili
509 2518 631 2576 fortasse
652 2536 741 2593 opera
766 2519 952 2576 sanabuntur.
994 2518 1058 2594 Ego
1089 2519 1132 2576 cui
1163 2518 1212 2576 diu
1243 2519 1286 2576 in-

91 2617 163 2675 cubui
182 2619 314 2679 thesauro
335 2620 449 2679 tandem
471 2641 487 2678 e
506 2621 641 2678 manibus
661 2620 783 2678 dimitto.

156 2720 279 2782 Relicum
299 2733 344 2782 est
365 2733 396 2780 ut
416 2723 521 2782 addam
541 2742 616 2798 quae
636 2722 805 2782 additurum
827 2743 872 2782 me
893 2742 982 2800 supra
1002 2723 1202 2800 promiseram.

94 2947 118 3005 ².
152 2953 277 3012 Artificis
307 2972 412 3011 nomeu
447 2952 573 3012 restituit
601 2951 718 3029 Lolling
749 2953 876 3012 Mittlreil.
908 2955 954 3011 des
985 2953 1124 3012 arrlracol.
1156 2953 1226 3010 Inst.
1259 2957 1286 3009 ia

92 3053 197 3112 rltleal
219 3056 271 3114 rto
287 3053 425 3134 ’Aprrrtiuv
446 3043 567 3132 Μοίριος.
609 3054 654 3114 cf.
675 3073 752 3130 quae
772 3064 915 3115 secuntur.

92 3248 158 3307 sud.
176 3251 227 3312 4a.
266 3251 437 3330 Subscripta
456 3251 528 3309 vidit
548 3249 667 3328 Lolling
688 3215 885 3311 Lechaeo:

462 3393 874 3440 stlortttat’t.....0.ts

90 3519 207 3584 recteque
224 3511 293 3588 legit
310 3502 460 3589 ’Apprime
476 3533 481 3567 :
497 3498 609 3587 Ha‘pdtt
625 3531 631 3566 :
646 3497 793 3585 ἒπ]ο’[η]σε.

579 3623 778 3632 ---.-——.

90 3682 136 3758 69,
160 3688 180 3746 l.
234 3690 296 3767 lege
330 3681 370 3748 Ὦ
409 3691 454 3747 τᾶν
494 3687 565 3746 κτλ’.

582 3801 777 3811 ..ι-...-

89 3860 136 3936 88,
159 3869 180 3924 l.
219 3868 262 3928 Cf.
284 3867 445 3928 Democriti
467 3869 543 3945 apud
566 3864 644 3926 Stob.
671 3887 751 3926 seror.
770 3867 797 3925 V
819 3869 855 3926 hl
881 3861 987 3946 ἄριστον
1012 3859 1146 3947 oivbpw'rap
1167 3857 1211 3926 rba
1232 3863 1287 3946 βίον

90 3958 173 4040 διάγειν
192 3968 226 4038 ὥς
248 3969 366 4030 πλεῖστα
386 3968 583 4050 εὐθυμηθέντα
604 3961 650 4028 καὶ
670 3961 807 4050 {bulgaro
822 3970 987 4045 λυπηθέντα.

89 4191 147 4256 tta.
184 4199 301 4260 Litteris
336 4219 470 4260 versuum
498 4202 660 4261 initialibus
692 4223 796 4262 nomeu
823 4201 1014 4280 Serapionem
1044 4203 1183 4262 contineri
1215 4203 1287 4262 vidit

87 4294 189 4375 Nauok;
210 4305 259 4364 ubi
279 4305 427 4364 monuerit
446 4305 575 4366 indicare
595 4323 671 4363 nunc
691 4326 749 4365 non
770 4325 855 4384 queo.
896 4305 1031 4384 Intellege
1053 4311 1180 4384 poetam.

580 4447 782 4458 *-
