<?xml version="1.0" encoding="UTF-8"?>
<!DOCTYPE html PUBLIC "-//W3C//DTD XHTML 1.0 Transitional//EN"
    "http://www.w3.org/TR/xhtml1/DTD/xhtml1-transitional.dtd">
<html xmlns="http://www.w3.org/1999/xhtml" xml:lang="en" lang="en">
 <head>
  <title>
</title>
<meta http-equiv="Content-Type" content="text/html;charset=utf-8" />
  <meta name='ocr-system' content='tesseract 3.04.00' />
  <meta name='ocr-capabilities' content='ocr_page ocr_carea ocr_par ocr_line ocrx_word'/>
</head>
<body>
  <div class='ocr_page' id='page_1' title='image "./epigrammatagrae01kaibgoog_0016.png"; bbox 0 0 3264 4918; ppageno 0'>
   <div class='ocr_carea' id='block_1_1' title="bbox 623 371 1298 440">
    <p class='ocr_par' dir='ltr' id='par_1_1' title="bbox 623 371 1298 440">
     <span class='ocr_line' id='line_1_1' title="bbox 623 371 1298 440; baseline 0.018 -17"><span class='ocrx_word' id='word_1_1' title='bbox 623 371 758 440; x_wconf 84' lang='lat' dir='ltr'><strong>praelatio.</strong></span> <span class='ocrx_word' id='word_1_2' title='bbox 1250 387 1298 436; x_wconf 83' lang='lat' dir='ltr'><strong>vlt</strong></span> 
     </span>
    </p>
   </div>
   <div class='ocr_carea' id='block_1_2' title="bbox 84 539 1298 4312">
    <p class='ocr_par' dir='ltr' id='par_1_2' title="bbox 84 539 1298 1950">
     <span class='ocr_line' id='line_1_2' title="bbox 84 539 1298 618; baseline 0.002 -19"><span class='ocrx_word' id='word_1_3' title='bbox 84 551 160 600; x_wconf 86' lang='lat' dir='ltr'><strong>erant</strong></span> <span class='ocrx_word' id='word_1_4' title='bbox 178 541 338 618; x_wconf 85' lang='lat' dir='ltr'><strong>Lydorum</strong></span> <span class='ocrx_word' id='word_1_5' title='bbox 358 541 451 614; x_wconf 89' lang='lat' dir='ltr'><strong>tituli,</strong></span> <span class='ocrx_word' id='word_1_6' title='bbox 481 542 531 617; x_wconf 88' lang='lat' dir='ltr'><strong>qui</strong></span> <span class='ocrx_word' id='word_1_7' title='bbox 557 539 640 598; x_wconf 84' lang='lat' dir='ltr'><strong>multi</strong></span> <span class='ocrx_word' id='word_1_8' title='bbox 665 546 785 600; x_wconf 88' lang='lat' dir='ltr'><strong>suntet</strong></span> <span class='ocrx_word' id='word_1_9' title='bbox 804 547 954 618; x_wconf 83' lang='lat' dir='ltr'><strong>tamquam</strong></span> <span class='ocrx_word' id='word_1_10' title='bbox 976 540 1143 601; x_wconf 88' lang='lat' dir='ltr'><strong>bellnuntur</strong></span> <span class='ocrx_word' id='word_1_11' title='bbox 1163 543 1192 598; x_wconf 90' lang='lat' dir='ltr'><strong>in</strong></span> <span class='ocrx_word' id='word_1_12' title='bbox 1215 544 1298 601; x_wconf 88' lang='lat' dir='ltr'><strong>varia</strong></span> 
     </span>
     <span class='ocr_line' id='line_1_3' title="bbox 84 643 1297 722; baseline 0.002 -22"><span class='ocrx_word' id='word_1_13' title='bbox 84 645 226 705; x_wconf 87' lang='lat' dir='ltr'><strong>derebus</strong></span> <span class='ocrx_word' id='word_1_14' title='bbox 250 643 357 703; x_wconf 84' lang='lat' dir='ltr'><strong>iutnris</strong></span> <span class='ocrx_word' id='word_1_15' title='bbox 383 643 557 719; x_wconf 75' lang='lat' dir='ltr'>cogitatione</span> <span class='ocrx_word' id='word_1_16' title='bbox 583 643 695 719; x_wconf 89' lang='lat' dir='ltr'><strong>(nescio</strong></span> <span class='ocrx_word' id='word_1_17' title='bbox 722 663 759 702; x_wconf 91' lang='lat' dir='ltr'><strong>an</strong></span> <span class='ocrx_word' id='word_1_18' title='bbox 789 644 961 722; x_wconf 76' lang='lat' dir='ltr'><strong>Erythraeis</strong></span> <span class='ocrx_word' id='word_1_19' title='bbox 987 645 1121 718; x_wconf 86' lang='lat' dir='ltr'><strong>ducibus,</strong></span> <span class='ocrx_word' id='word_1_20' title='bbox 1148 645 1297 703; x_wconf 81' lang='grc'>1111111111</span> 
     </span>
     <span class='ocr_line' id='line_1_4' title="bbox 85 745 1297 824; baseline 0.002 -22"><span class='ocrx_word' id='word_1_21' title='bbox 85 745 196 820; x_wconf 80' lang='lat' dir='ltr'><strong>colonis,</strong></span> <span class='ocrx_word' id='word_1_22' title='bbox 222 747 259 806; x_wconf 83' lang='grc'><strong>11.</strong></span> <span class='ocrx_word' id='word_1_23' title='bbox 280 747 318 805; x_wconf 87' lang='lat' dir='ltr'><strong>sd</strong></span> <span class='ocrx_word' id='word_1_24' title='bbox 340 767 369 805; x_wconf 93' lang='lat' dir='ltr'><strong>n.</strong></span> <span class='ocrx_word' id='word_1_25' title='bbox 393 745 475 820; x_wconf 75' lang='lat'>904),</span> <span class='ocrx_word' id='word_1_26' title='bbox 500 765 593 822; x_wconf 88' lang='lat' dir='ltr'><strong>neque</strong></span> <span class='ocrx_word' id='word_1_27' title='bbox 620 745 715 804; x_wconf 89' lang='lat' dir='ltr'><strong>minus</strong></span> <span class='ocrx_word' id='word_1_28' title='bbox 747 746 952 824; x_wconf 88' lang='lat' dir='ltr'><strong>Phrygiornm,</strong></span> <span class='ocrx_word' id='word_1_29' title='bbox 983 747 1089 824; x_wconf 89' lang='lat' dir='ltr'><strong>quibus</strong></span> <span class='ocrx_word' id='word_1_30' title='bbox 1116 745 1297 805; x_wconf 87' lang='lat' dir='ltr'><strong>Graecorum</strong></span> 
     </span>
     <span class='ocr_line' id='line_1_5' title="bbox 85 847 1297 924; baseline 0.002 -21"><span class='ocrx_word' id='word_1_31' title='bbox 85 847 115 904; x_wconf 89' lang='lat' dir='ltr'><strong>de</strong></span> <span class='ocrx_word' id='word_1_32' title='bbox 133 847 235 907; x_wconf 87' lang='lat' dir='ltr'><strong>inieris</strong></span> <span class='ocrx_word' id='word_1_33' title='bbox 255 849 370 908; x_wconf 82' lang='lat' dir='ltr'><strong>fabulae</strong></span> <span class='ocrx_word' id='word_1_34' title='bbox 391 848 548 907; x_wconf 83' lang='lat' dir='ltr'><strong>maximam</strong></span> <span class='ocrx_word' id='word_1_35' title='bbox 568 849 599 906; x_wconf 91' lang='lat' dir='ltr'><strong>in</strong></span> <span class='ocrx_word' id='word_1_36' title='bbox 621 849 864 924; x_wconf 79' lang='lat' dir='ltr'><strong>contemptionem</strong></span> <span class='ocrx_word' id='word_1_37' title='bbox 884 853 1031 908; x_wconf 87' lang='lat' dir='ltr'><strong>venerunt.</strong></span> <span class='ocrx_word' id='word_1_38' title='bbox 1062 848 1198 924; x_wconf 88' lang='lat' dir='ltr'><strong>Denique</strong></span> <span class='ocrx_word' id='word_1_39' title='bbox 1212 867 1297 924; x_wconf 84' lang='lat' dir='ltr'><strong>pecu·</strong></span> 
     </span>
     <span class='ocr_line' id='line_1_6' title="bbox 84 948 1294 1028; baseline 0.004 -23"><span class='ocrx_word' id='word_1_40' title='bbox 84 948 176 1008; x_wconf 87' lang='lat' dir='ltr'><strong>liarem</strong></span> <span class='ocrx_word' id='word_1_41' title='bbox 201 950 297 1010; x_wconf 91' lang='lat' dir='ltr'><strong>locum</strong></span> <span class='ocrx_word' id='word_1_42' title='bbox 323 950 407 1028; x_wconf 88' lang='lat' dir='ltr'><strong>Syris</strong></span> <span class='ocrx_word' id='word_1_43' title='bbox 433 949 593 1027; x_wconf 80' lang='lat' dir='ltr'><strong>adsignari,</strong></span> <span class='ocrx_word' id='word_1_44' title='bbox 619 967 742 1027; x_wconf 90' lang='lat' dir='ltr'><strong>quornm</strong></span> <span class='ocrx_word' id='word_1_45' title='bbox 766 969 842 1028; x_wconf 87' lang='lat' dir='ltr'><strong>quaa</strong></span> <span class='ocrx_word' id='word_1_46' title='bbox 867 953 1020 1028; x_wconf 85' lang='lat' dir='ltr'><strong>potissima</strong></span> <span class='ocrx_word' id='word_1_47' title='bbox 1046 951 1189 1009; x_wconf 90' lang='lat' dir='ltr'><strong>scribendi</strong></span> <span class='ocrx_word' id='word_1_48' title='bbox 1217 953 1294 1010; x_wconf 89' lang='lat' dir='ltr'><strong>ratio</strong></span> 
     </span>
     <span class='ocr_line' id='line_1_7' title="bbox 86 1051 1290 1132; baseline 0.002 -24"><span class='ocrx_word' id='word_1_49' title='bbox 86 1051 163 1110; x_wconf 88' lang='lat' dir='ltr'><strong>inerit</strong></span> <span class='ocrx_word' id='word_1_50' title='bbox 181 1053 327 1112; x_wconf 89' lang='lat' dir='ltr'><strong>neminem</strong></span> <span class='ocrx_word' id='word_1_51' title='bbox 347 1053 440 1130; x_wconf 81' lang='lat' dir='ltr'><strong>lugiet</strong></span> <span class='ocrx_word' id='word_1_52' title='bbox 458 1053 609 1129; x_wconf 84' lang='lat' dir='ltr'><strong>legentem.</strong></span> <span class='ocrx_word' id='word_1_53' title='bbox 650 1053 699 1111; x_wconf 80' lang='lat' dir='ltr'><strong>Ex</strong></span> <span class='ocrx_word' id='word_1_54' title='bbox 719 1053 794 1112; x_wconf 81' lang='lat' dir='ltr'><strong>Asia</strong></span> <span class='ocrx_word' id='word_1_55' title='bbox 820 1055 849 1112; x_wconf 91' lang='lat' dir='ltr'><strong>in</strong></span> <span class='ocrx_word' id='word_1_56' title='bbox 870 1053 1025 1114; x_wconf 76' lang='lat' dir='ltr'><strong>Graeciam</strong></span> <span class='ocrx_word' id='word_1_57' title='bbox 1052 1055 1218 1132; x_wconf 82' lang='lat' dir='ltr'><strong>remigravi,</strong></span> <span class='ocrx_word' id='word_1_58' title='bbox 1245 1055 1290 1113; x_wconf 87' lang='lat' dir='ltr'><strong>cui</strong></span> 
     </span>
     <span class='ocr_line' id='line_1_8' title="bbox 88 1154 1297 1232; baseline 0.004 -21"><span class='ocrx_word' id='word_1_59' title='bbox 88 1154 188 1228; x_wconf 89' lang='lat' dir='ltr'><strong>priores</strong></span> <span class='ocrx_word' id='word_1_60' title='bbox 208 1165 309 1232; x_wconf 89' lang='lat' dir='ltr'><strong>partes</strong></span> <span class='ocrx_word' id='word_1_61' title='bbox 329 1174 394 1214; x_wconf 91' lang='lat' dir='ltr'><strong>eam</strong></span> <span class='ocrx_word' id='word_1_62' title='bbox 414 1156 532 1214; x_wconf 87' lang='lat' dir='ltr'><strong>obrem</strong></span> <span class='ocrx_word' id='word_1_63' title='bbox 553 1155 726 1232; x_wconf 79' lang='lat' dir='ltr'><strong>denegarem</strong></span> <span class='ocrx_word' id='word_1_64' title='bbox 746 1175 783 1214; x_wconf 92' lang='lat' dir='ltr'><strong>ne</strong></span> <span class='ocrx_word' id='word_1_65' title='bbox 803 1156 873 1214; x_wconf 89' lang='lat' dir='ltr'><strong>vilia</strong></span> <span class='ocrx_word' id='word_1_66' title='bbox 892 1155 1008 1215; x_wconf 81' lang='lat' dir='ltr'><strong>infimae</strong></span> <span class='ocrx_word' id='word_1_67' title='bbox 1033 1157 1137 1216; x_wconf 84' lang='lat' dir='ltr'><strong>aetatis</strong></span> <span class='ocrx_word' id='word_1_68' title='bbox 1166 1158 1297 1216; x_wconf 87' lang='lat' dir='ltr'><strong>carmina</strong></span> 
     </span>
     <span class='ocr_line' id='line_1_9' title="bbox 87 1256 1297 1336; baseline 0.004 -23"><span class='ocrx_word' id='word_1_69' title='bbox 87 1273 153 1329; x_wconf 89' lang='lat' dir='ltr'><strong>quae</strong></span> <span class='ocrx_word' id='word_1_70' title='bbox 166 1258 336 1333; x_wconf 80' lang='lat' dir='ltr'><strong>praevalent</strong></span> <span class='ocrx_word' id='word_1_71' title='bbox 349 1256 573 1334; x_wconf 79' lang='lat' dir='ltr'><strong>elegantissimis</strong></span> <span class='ocrx_word' id='word_1_72' title='bbox 589 1257 691 1316; x_wconf 90' lang='lat' dir='ltr'><strong>Ionum</strong></span> <span class='ocrx_word' id='word_1_73' title='bbox 705 1257 876 1334; x_wconf 90' lang='lat' dir='ltr'><strong>Dorumqne</strong></span> <span class='ocrx_word' id='word_1_74' title='bbox 889 1259 1108 1336; x_wconf 89' lang='lat' dir='ltr'><strong>epigrammatis</strong></span> <span class='ocrx_word' id='word_1_75' title='bbox 1121 1269 1297 1334; x_wconf 84' lang='lat' dir='ltr'><strong>anteponere</strong></span> 
     </span>
     <span class='ocr_line' id='line_1_10' title="bbox 87 1359 1296 1438; baseline 0 -20"><span class='ocrx_word' id='word_1_76' title='bbox 87 1377 206 1436; x_wconf 82' lang='lat' dir='ltr'><strong>cogerer:</strong></span> <span class='ocrx_word' id='word_1_77' title='bbox 229 1379 405 1438; x_wconf 89' lang='lat' dir='ltr'><strong>quamquam</strong></span> <span class='ocrx_word' id='word_1_78' title='bbox 425 1359 585 1420; x_wconf 87' lang='lat' dir='ltr'><strong>haedere</strong></span> <span class='ocrx_word' id='word_1_79' title='bbox 605 1380 674 1418; x_wconf 89' lang='lat' dir='ltr'><strong>num</strong></span> <span class='ocrx_word' id='word_1_80' title='bbox 696 1369 772 1418; x_wconf 88' lang='lat' dir='ltr'><strong>recte</strong></span> <span class='ocrx_word' id='word_1_81' title='bbox 791 1359 982 1419; x_wconf 78' lang='lat' dir='ltr'><strong>indicaverim</strong></span> <span class='ocrx_word' id='word_1_82' title='bbox 1003 1361 1120 1420; x_wconf 89' lang='lat' dir='ltr'><strong>iamiam</strong></span> <span class='ocrx_word' id='word_1_83' title='bbox 1141 1361 1296 1420; x_wconf 89' lang='lat' dir='ltr'><strong>dubitatio-</strong></span> 
     </span>
     <span class='ocr_line' id='line_1_11' title="bbox 91 1461 1296 1539; baseline 0.003 -23"><span class='ocrx_word' id='word_1_84' title='bbox 91 1461 131 1518; x_wconf 89' lang='lat' dir='ltr'><strong>nis</strong></span> <span class='ocrx_word' id='word_1_85' title='bbox 148 1461 261 1538; x_wconf 90' lang='lat' dir='ltr'><strong>aliquid</strong></span> <span class='ocrx_word' id='word_1_86' title='bbox 282 1463 473 1524; x_wconf 76' lang='lat' dir='ltr'><strong>subnascitur.</strong></span> <span class='ocrx_word' id='word_1_87' title='bbox 507 1461 631 1521; x_wconf 80' lang='lat' dir='ltr'><strong>Restant</strong></span> <span class='ocrx_word' id='word_1_88' title='bbox 650 1463 702 1539; x_wconf 92' lang='lat' dir='ltr'><strong>qui</strong></span> <span class='ocrx_word' id='word_1_89' title='bbox 722 1483 740 1521; x_wconf 91' lang='lat' dir='ltr'><strong>a</strong></span> <span class='ocrx_word' id='word_1_90' title='bbox 760 1461 882 1522; x_wconf 87' lang='lat' dir='ltr'><strong>Graecis</strong></span> <span class='ocrx_word' id='word_1_91' title='bbox 903 1464 1068 1522; x_wconf 90' lang='lat' dir='ltr'><strong>didicerunt</strong></span> <span class='ocrx_word' id='word_1_92' title='bbox 1087 1463 1224 1536; x_wconf 87' lang='lat' dir='ltr'><strong>Romani,</strong></span> <span class='ocrx_word' id='word_1_93' title='bbox 1246 1463 1296 1538; x_wconf 89' lang='lat' dir='ltr'><strong>qni</strong></span> 
     </span>
     <span class='ocr_line' id='line_1_12' title="bbox 89 1565 1297 1644; baseline 0.002 -24"><span class='ocrx_word' id='word_1_94' title='bbox 89 1581 167 1638; x_wconf 88' lang='lat' dir='ltr'><strong>qnam</strong></span> <span class='ocrx_word' id='word_1_95' title='bbox 188 1566 324 1626; x_wconf 85' lang='lat' dir='ltr'><strong>sollerter</strong></span> <span class='ocrx_word' id='word_1_96' title='bbox 353 1575 481 1624; x_wconf 87' lang='lat' dir='ltr'><strong>veterum</strong></span> <span class='ocrx_word' id='word_1_97' title='bbox 506 1565 893 1644; x_wconf 83' lang='lat' dir='ltr'><strong>epigrammatographcrum</strong></span> <span class='ocrx_word' id='word_1_98' title='bbox 922 1566 1056 1642; x_wconf 87' lang='lat' dir='ltr'><strong>exempla</strong></span> <span class='ocrx_word' id='word_1_99' title='bbox 1078 1565 1169 1622; x_wconf 83' lang='grc'>111111</span> <span class='ocrx_word' id='word_1_100' title='bbox 1190 1565 1249 1622; x_wconf 87' lang='lat' dir='ltr'><strong>sint</strong></span> <span class='ocrx_word' id='word_1_101' title='bbox 1269 1574 1297 1622; x_wconf 91' lang='lat' dir='ltr'><strong>et</strong></span> 
     </span>
     <span class='ocr_line' id='line_1_13' title="bbox 91 1665 1296 1746; baseline 0.005 -27"><span class='ocrx_word' id='word_1_102' title='bbox 91 1665 263 1726; x_wconf 81' lang='lat' dir='ltr'><strong>excoluerint</strong></span> <span class='ocrx_word' id='word_1_103' title='bbox 282 1677 311 1726; x_wconf 89' lang='lat' dir='ltr'><strong>et</strong></span> <span class='ocrx_word' id='word_1_104' title='bbox 331 1667 528 1744; x_wconf 84' lang='lat' dir='ltr'><strong>Antbologias</strong></span> <span class='ocrx_word' id='word_1_105' title='bbox 549 1675 654 1746; x_wconf 88' lang='lat' dir='ltr'><strong>poetae</strong></span> <span class='ocrx_word' id='word_1_106' title='bbox 672 1667 790 1746; x_wconf 90' lang='lat' dir='ltr'><strong>plurimi</strong></span> <span class='ocrx_word' id='word_1_107' title='bbox 811 1667 915 1726; x_wconf 90' lang='lat' dir='ltr'><strong>docent</strong></span> <span class='ocrx_word' id='word_1_108' title='bbox 935 1674 965 1726; x_wconf 89' lang='lat' dir='ltr'><strong>et</strong></span> <span class='ocrx_word' id='word_1_109' title='bbox 983 1668 1063 1744; x_wconf 89' lang='lat' dir='ltr'><strong>prior</strong></span> <span class='ocrx_word' id='word_1_110' title='bbox 1085 1686 1170 1744; x_wconf 90' lang='lat' dir='ltr'><strong>quam</strong></span> <span class='ocrx_word' id='word_1_111' title='bbox 1193 1688 1210 1726; x_wconf 89' lang='lat' dir='ltr'><strong>a</strong></span> <span class='ocrx_word' id='word_1_112' title='bbox 1231 1669 1296 1725; x_wconf 89' lang='lat' dir='ltr'><strong>reli·</strong></span> 
     </span>
     <span class='ocr_line' id='line_1_14' title="bbox 91 1767 1295 1848; baseline 0.002 -23"><span class='ocrx_word' id='word_1_113' title='bbox 91 1767 149 1842; x_wconf 90' lang='lat' dir='ltr'><strong>quis</strong></span> <span class='ocrx_word' id='word_1_114' title='bbox 177 1770 313 1848; x_wconf 84' lang='lat' dir='ltr'><strong>separavi</strong></span> <span class='ocrx_word' id='word_1_115' title='bbox 341 1770 539 1830; x_wconf 88' lang='lat' dir='ltr'><strong>Romanorum</strong></span> <span class='ocrx_word' id='word_1_116' title='bbox 576 1776 606 1829; x_wconf 89' lang='lat' dir='ltr'><strong>et</strong></span> <span class='ocrx_word' id='word_1_117' title='bbox 634 1769 896 1848; x_wconf 87' lang='lat' dir='ltr'><strong>Neapolitanorum</strong></span> <span class='ocrx_word' id='word_1_118' title='bbox 934 1771 1171 1848; x_wconf 80' lang='lat' dir='ltr'><strong>epigrammatum</strong></span> <span class='ocrx_word' id='word_1_119' title='bbox 1211 1789 1295 1847; x_wconf 89' lang='lat' dir='ltr'><strong>pars:</strong></span> 
     </span>
     <span class='ocr_line' id='line_1_15' title="bbox 91 1868 892 1950; baseline 0.001 -21"><span class='ocrx_word' id='word_1_120' title='bbox 91 1871 254 1944; x_wconf 86' lang='lat' dir='ltr'><strong>praevalent</strong></span> <span class='ocrx_word' id='word_1_121' title='bbox 273 1881 369 1932; x_wconf 84' lang='lat' dir='ltr'><strong>antem</strong></span> <span class='ocrx_word' id='word_1_122' title='bbox 389 1872 435 1931; x_wconf 89' lang='lat' dir='ltr'><strong>hic</strong></span> <span class='ocrx_word' id='word_1_123' title='bbox 455 1890 571 1950; x_wconf 89' lang='lat' dir='ltr'><strong>qnoque</strong></span> <span class='ocrx_word' id='word_1_124' title='bbox 591 1879 624 1932; x_wconf 90' lang='lat' dir='ltr'><strong>ut</strong></span> <span class='ocrx_word' id='word_1_125' title='bbox 642 1893 696 1950; x_wconf 89' lang='lat' dir='ltr'><strong>par</strong></span> <span class='ocrx_word' id='word_1_126' title='bbox 716 1883 760 1932; x_wconf 90' lang='lat' dir='ltr'><strong>est</strong></span> <span class='ocrx_word' id='word_1_127' title='bbox 779 1868 892 1931; x_wconf 86' lang='lat' dir='ltr'><strong>viliora·</strong></span> 
     </span>
    </p>

    <p class='ocr_par' dir='ltr' id='par_1_3' title="bbox 88 1973 1296 2566">
     <span class='ocr_line' id='line_1_16' title="bbox 160 1973 1296 2052; baseline 0.002 -21"><span class='ocrx_word' id='word_1_128' title='bbox 160 1973 350 2035; x_wconf 86' lang='lat' dir='ltr'><strong>Dedicatoria</strong></span> <span class='ocrx_word' id='word_1_129' title='bbox 370 1975 456 2052; x_wconf 86' lang='lat' dir='ltr'><strong>longe</strong></span> <span class='ocrx_word' id='word_1_130' title='bbox 475 1976 621 2034; x_wconf 89' lang='lat' dir='ltr'><strong>diversum</strong></span> <span class='ocrx_word' id='word_1_131' title='bbox 643 1973 700 2034; x_wconf 91' lang='lat' dir='ltr'><strong>sibi</strong></span> <span class='ocrx_word' id='word_1_132' title='bbox 723 1974 916 2051; x_wconf 85' lang='lat' dir='ltr'><strong>postulabant</strong></span> <span class='ocrx_word' id='word_1_133' title='bbox 939 1974 1080 2048; x_wconf 90' lang='lat' dir='ltr'><strong>ordinem,</strong></span> <span class='ocrx_word' id='word_1_134' title='bbox 1112 1982 1144 2034; x_wconf 91' lang='lat' dir='ltr'><strong>nt</strong></span> <span class='ocrx_word' id='word_1_135' title='bbox 1168 1995 1244 2052; x_wconf 85' lang='lat' dir='ltr'><strong>quae</strong></span> <span class='ocrx_word' id='word_1_136' title='bbox 1268 1987 1296 2034; x_wconf 92' lang='lat' dir='ltr'><strong>et</strong></span> 
     </span>
     <span class='ocr_line' id='line_1_17' title="bbox 88 2076 1294 2155; baseline 0.003 -23"><span class='ocrx_word' id='word_1_137' title='bbox 88 2077 217 2149; x_wconf 86' lang='lat' dir='ltr'><strong>pauciora</strong></span> <span class='ocrx_word' id='word_1_138' title='bbox 236 2087 337 2137; x_wconf 88' lang='lat' dir='ltr'><strong>essent</strong></span> <span class='ocrx_word' id='word_1_139' title='bbox 356 2087 384 2137; x_wconf 88' lang='lat' dir='ltr'><strong>et</strong></span> <span class='ocrx_word' id='word_1_140' title='bbox 403 2097 458 2155; x_wconf 92' lang='lat' dir='ltr'><strong>pro</strong></span> <span class='ocrx_word' id='word_1_141' title='bbox 479 2085 712 2155; x_wconf 89' lang='lat' dir='ltr'><strong>argumentorum</strong></span> <span class='ocrx_word' id='word_1_142' title='bbox 731 2076 901 2136; x_wconf 79' lang='lat' dir='ltr'><strong>diversitate</strong></span> <span class='ocrx_word' id='word_1_143' title='bbox 922 2086 1026 2155; x_wconf 87' lang='lat' dir='ltr'><strong>sponte</strong></span> <span class='ocrx_word' id='word_1_144' title='bbox 1046 2078 1220 2140; x_wconf 84' lang='lat' dir='ltr'><strong>indiversus</strong></span> <span class='ocrx_word' id='word_1_145' title='bbox 1235 2079 1294 2137; x_wconf 88' lang='lat' dir='ltr'><strong>dis·</strong></span> 
     </span>
     <span class='ocr_line' id='line_1_18' title="bbox 89 2179 1295 2257; baseline 0.004 -23"><span class='ocrx_word' id='word_1_146' title='bbox 89 2179 210 2238; x_wconf 88' lang='lat' dir='ltr'><strong>cederent</strong></span> <span class='ocrx_word' id='word_1_147' title='bbox 228 2187 329 2257; x_wconf 83' lang='lat' dir='ltr'><strong>partes</strong></span> <span class='ocrx_word' id='word_1_148' title='bbox 350 2203 357 2238; x_wconf 81' lang='grc'><strong>1</strong></span> <span class='ocrx_word' id='word_1_149' title='bbox 379 2199 447 2239; x_wconf 89' lang='lat' dir='ltr'><strong>nam</strong></span> <span class='ocrx_word' id='word_1_150' title='bbox 480 2188 509 2238; x_wconf 91' lang='lat' dir='ltr'><strong>et</strong></span> <span class='ocrx_word' id='word_1_151' title='bbox 534 2179 674 2257; x_wconf 86' lang='lat' dir='ltr'><strong>ephebica</strong></span> <span class='ocrx_word' id='word_1_152' title='bbox 697 2187 726 2238; x_wconf 90' lang='lat' dir='ltr'><strong>et</strong></span> <span class='ocrx_word' id='word_1_153' title='bbox 752 2180 914 2256; x_wconf 83' lang='lat' dir='ltr'><strong>agonistica</strong></span> <span class='ocrx_word' id='word_1_154' title='bbox 943 2181 1019 2241; x_wconf 89' lang='lat' dir='ltr'><strong>inter</strong></span> <span class='ocrx_word' id='word_1_155' title='bbox 1048 2199 1080 2240; x_wconf 87' lang='lat' dir='ltr'><strong>se</strong></span> <span class='ocrx_word' id='word_1_156' title='bbox 1111 2181 1199 2240; x_wconf 87' lang='lat' dir='ltr'><strong>divisi</strong></span> <span class='ocrx_word' id='word_1_157' title='bbox 1229 2181 1295 2254; x_wconf 87' lang='lat' dir='ltr'><strong>(neo</strong></span> 
     </span>
     <span class='ocr_line' id='line_1_19' title="bbox 93 2281 1294 2361; baseline 0.002 -21"><span class='ocrx_word' id='word_1_158' title='bbox 93 2282 211 2354; x_wconf 84' lang='lat' dir='ltr'><strong>poenitet</strong></span> <span class='ocrx_word' id='word_1_159' title='bbox 229 2283 348 2360; x_wconf 82' lang='lat' dir='ltr'><strong>fecisse)</strong></span> <span class='ocrx_word' id='word_1_160' title='bbox 369 2290 398 2342; x_wconf 91' lang='lat' dir='ltr'><strong>et</strong></span> <span class='ocrx_word' id='word_1_161' title='bbox 417 2291 643 2361; x_wconf 86' lang='lat' dir='ltr'><strong>proscynemata</strong></span> <span class='ocrx_word' id='word_1_162' title='bbox 664 2282 787 2360; x_wconf 81' lang='lat' dir='ltr'><strong>hymnos</strong></span> <span class='ocrx_word' id='word_1_163' title='bbox 808 2282 926 2341; x_wconf 88' lang='lat' dir='ltr'><strong>oracula</strong></span> <span class='ocrx_word' id='word_1_164' title='bbox 945 2281 1009 2342; x_wconf 90' lang='lat' dir='ltr'><strong>iure</strong></span> <span class='ocrx_word' id='word_1_165' title='bbox 1032 2283 1104 2341; x_wconf 91' lang='lat' dir='ltr'><strong>mihi</strong></span> <span class='ocrx_word' id='word_1_166' title='bbox 1126 2283 1224 2341; x_wconf 87' lang='lat' dir='ltr'><strong>videor</strong></span> <span class='ocrx_word' id='word_1_167' title='bbox 1244 2285 1294 2342; x_wconf 91' lang='lat' dir='ltr'><strong>de·</strong></span> 
     </span>
     <span class='ocr_line' id='line_1_20' title="bbox 92 2381 1294 2463; baseline 0.007 -27"><span class='ocrx_word' id='word_1_168' title='bbox 92 2381 229 2445; x_wconf 86' lang='lat' dir='ltr'><strong>dicatoriis</strong></span> <span class='ocrx_word' id='word_1_169' title='bbox 265 2387 482 2446; x_wconf 86' lang='lat' dir='ltr'><strong>adnumerasse.</strong></span> <span class='ocrx_word' id='word_1_170' title='bbox 539 2385 657 2463; x_wconf 85' lang='lat' dir='ltr'><strong>Septem</strong></span> <span class='ocrx_word' id='word_1_171' title='bbox 689 2385 776 2462; x_wconf 86' lang='lat' dir='ltr'><strong>igitur</strong></span> <span class='ocrx_word' id='word_1_172' title='bbox 806 2385 917 2445; x_wconf 90' lang='lat' dir='ltr'><strong>institui</strong></span> <span class='ocrx_word' id='word_1_173' title='bbox 948 2394 1053 2462; x_wconf 82' lang='lat' dir='ltr'><strong>partes,</strong></span> <span class='ocrx_word' id='word_1_174' title='bbox 1085 2405 1207 2462; x_wconf 87' lang='lat' dir='ltr'><strong>quarum</strong></span> <span class='ocrx_word' id='word_1_175' title='bbox 1237 2405 1294 2462; x_wconf 90' lang='lat' dir='ltr'><strong>qno</strong></span> 
     </span>
     <span class='ocr_line' id='line_1_21' title="bbox 93 2487 950 2566; baseline 0.006 -24"><span class='ocrx_word' id='word_1_176' title='bbox 93 2501 225 2564; x_wconf 87' lang='lat' dir='ltr'><strong>quamque</strong></span> <span class='ocrx_word' id='word_1_177' title='bbox 244 2487 331 2548; x_wconf 93' lang='lat' dir='ltr'><strong>modo</strong></span> <span class='ocrx_word' id='word_1_178' title='bbox 351 2488 548 2566; x_wconf 88' lang='lat' dir='ltr'><strong>disposuerim</strong></span> <span class='ocrx_word' id='word_1_179' title='bbox 568 2487 715 2564; x_wconf 87' lang='lat' dir='ltr'><strong>explicare</strong></span> <span class='ocrx_word' id='word_1_180' title='bbox 734 2487 808 2546; x_wconf 90' lang='lat' dir='ltr'><strong>nihil</strong></span> <span class='ocrx_word' id='word_1_181' title='bbox 829 2490 950 2548; x_wconf 88' lang='lat' dir='ltr'><strong>adtinet.</strong></span> 
     </span>
    </p>

    <p class='ocr_par' dir='ltr' id='par_1_4' title="bbox 93 2589 1293 2958">
     <span class='ocr_line' id='line_1_22' title="bbox 159 2589 1293 2668; baseline -0.002 -20"><span class='ocrx_word' id='word_1_182' title='bbox 159 2589 305 2650; x_wconf 84' lang='lat' dir='ltr'><strong>Clandunt</strong></span> <span class='ocrx_word' id='word_1_183' title='bbox 324 2609 429 2668; x_wconf 86' lang='lat' dir='ltr'><strong>agmen</strong></span> <span class='ocrx_word' id='word_1_184' title='bbox 448 2590 660 2666; x_wconf 85' lang='lat' dir='ltr'><strong>epigrammata</strong></span> <span class='ocrx_word' id='word_1_185' title='bbox 680 2591 762 2649; x_wconf 91' lang='lat' dir='ltr'><strong>varia</strong></span> <span class='ocrx_word' id='word_1_186' title='bbox 781 2600 918 2667; x_wconf 88' lang='lat' dir='ltr'><strong>quattuor</strong></span> <span class='ocrx_word' id='word_1_187' title='bbox 938 2591 967 2647; x_wconf 91' lang='lat' dir='ltr'><strong>in</strong></span> <span class='ocrx_word' id='word_1_188' title='bbox 988 2598 1085 2667; x_wconf 84' lang='lat' dir='ltr'><strong>partes</strong></span> <span class='ocrx_word' id='word_1_189' title='bbox 1112 2589 1206 2647; x_wconf 80' lang='lat' dir='ltr'><strong>divise</strong></span> <span class='ocrx_word' id='word_1_190' title='bbox 1232 2608 1293 2646; x_wconf 88' lang='lat' dir='ltr'><strong>om-</strong></span> 
     </span>
     <span class='ocr_line' id='line_1_23' title="bbox 93 2689 1292 2769; baseline -0.002 -19"><span class='ocrx_word' id='word_1_191' title='bbox 93 2689 142 2762; x_wconf 84' lang='lat' dir='ltr'><strong>nia,</strong></span> <span class='ocrx_word' id='word_1_192' title='bbox 160 2711 175 2750; x_wconf 89' lang='lat' dir='ltr'><strong>e</strong></span> <span class='ocrx_word' id='word_1_193' title='bbox 192 2694 299 2769; x_wconf 87' lang='lat' dir='ltr'><strong>quibus</strong></span> <span class='ocrx_word' id='word_1_194' title='bbox 319 2694 416 2769; x_wconf 91' lang='lat' dir='ltr'><strong>prima</strong></span> <span class='ocrx_word' id='word_1_195' title='bbox 434 2693 626 2752; x_wconf 88' lang='lat' dir='ltr'><strong>terminorum</strong></span> <span class='ocrx_word' id='word_1_196' title='bbox 646 2691 847 2752; x_wconf 88' lang='lat' dir='ltr'><strong>aedificiorum</strong></span> <span class='ocrx_word' id='word_1_197' title='bbox 874 2693 998 2752; x_wconf 89' lang='lat' dir='ltr'><strong>fontium</strong></span> <span class='ocrx_word' id='word_1_198' title='bbox 1023 2691 1156 2769; x_wconf 90' lang='lat' dir='ltr'><strong>pontium</strong></span> <span class='ocrx_word' id='word_1_199' title='bbox 1182 2691 1292 2766; x_wconf 87' lang='lat' dir='ltr'><strong>titulos,</strong></span> 
     </span>
     <span class='ocr_line' id='line_1_24' title="bbox 95 2793 1293 2872; baseline 0 -22"><span class='ocrx_word' id='word_1_200' title='bbox 95 2803 183 2865; x_wconf 84' lang='lat' dir='ltr'><strong>quarta</strong></span> <span class='ocrx_word' id='word_1_201' title='bbox 201 2795 330 2855; x_wconf 89' lang='lat' dir='ltr'><strong>amuleta</strong></span> <span class='ocrx_word' id='word_1_202' title='bbox 349 2800 379 2853; x_wconf 93' lang='lat' dir='ltr'><strong>et</strong></span> <span class='ocrx_word' id='word_1_203' title='bbox 398 2795 478 2854; x_wconf 88' lang='lat' dir='ltr'><strong>diras</strong></span> <span class='ocrx_word' id='word_1_204' title='bbox 498 2795 698 2872; x_wconf 79' lang='lat' dir='ltr'><strong>conplectitur,</strong></span> <span class='ocrx_word' id='word_1_205' title='bbox 729 2795 858 2872; x_wconf 88' lang='lat' dir='ltr'><strong>reliquas</strong></span> <span class='ocrx_word' id='word_1_206' title='bbox 885 2797 958 2854; x_wconf 87' lang='lat' dir='ltr'><strong>duas</strong></span> <span class='ocrx_word' id='word_1_207' title='bbox 985 2793 1077 2871; x_wconf 90' lang='lat' dir='ltr'><strong>magis</strong></span> <span class='ocrx_word' id='word_1_208' title='bbox 1104 2794 1205 2852; x_wconf 90' lang='lat' dir='ltr'><strong>dubito</strong></span> <span class='ocrx_word' id='word_1_209' title='bbox 1225 2813 1293 2852; x_wconf 89' lang='lat' dir='ltr'><strong>num</strong></span> 
     </span>
     <span class='ocr_line' id='line_1_25' title="bbox 95 2897 416 2958; baseline 0.003 -3"><span class='ocrx_word' id='word_1_210' title='bbox 95 2903 158 2955; x_wconf 85' lang='lat' dir='ltr'><strong>recte</strong></span> <span class='ocrx_word' id='word_1_211' title='bbox 177 2897 416 2958; x_wconf 87' lang='lat' dir='ltr'><strong>administrarim.</strong></span> 
     </span>
    </p>

    <p class='ocr_par' dir='ltr' id='par_1_5' title="bbox 94 2997 1296 4312">
     <span class='ocr_line' id='line_1_26' title="bbox 162 2997 1296 3077; baseline -0.004 -17"><span class='ocrx_word' id='word_1_212' title='bbox 162 3001 301 3060; x_wconf 83' lang='lat' dir='ltr'><strong>Conlecta</strong></span> <span class='ocrx_word' id='word_1_213' title='bbox 320 2999 389 3058; x_wconf 89' lang='lat' dir='ltr'><strong>dnm</strong></span> <span class='ocrx_word' id='word_1_214' title='bbox 409 2999 462 3058; x_wconf 90' lang='lat' dir='ltr'><strong>edo</strong></span> <span class='ocrx_word' id='word_1_215' title='bbox 483 2999 662 3077; x_wconf 88' lang='lat' dir='ltr'><strong>schedasque</strong></span> <span class='ocrx_word' id='word_1_216' title='bbox 681 3001 764 3077; x_wconf 88' lang='lat' dir='ltr'><strong>prelo</strong></span> <span class='ocrx_word' id='word_1_217' title='bbox 784 3001 866 3060; x_wconf 72' lang='lat' dir='ltr'><strong>bado</strong></span> <span class='ocrx_word' id='word_1_218' title='bbox 886 3000 965 3062; x_wconf 92' lang='lat' dir='ltr'><strong>haud</strong></span> <span class='ocrx_word' id='word_1_219' title='bbox 980 2999 1135 3060; x_wconf 88' lang='lat' dir='ltr'><strong>mediocris</strong></span> <span class='ocrx_word' id='word_1_220' title='bbox 1155 2997 1296 3057; x_wconf 87' lang='lat' dir='ltr'><strong>succrevit</strong></span> 
     </span>
     <span class='ocr_line' id='line_1_27' title="bbox 96 3101 1292 3180; baseline 0.002 -24"><span class='ocrx_word' id='word_1_221' title='bbox 96 3101 280 3162; x_wconf 74' lang='lat' dir='ltr'><strong>Addrudorum</strong></span> <span class='ocrx_word' id='word_1_222' title='bbox 298 3102 385 3178; x_wconf 91' lang='lat' dir='ltr'><strong>copia</strong></span> <span class='ocrx_word' id='word_1_223' title='bbox 403 3120 469 3160; x_wconf 89' lang='lat' dir='ltr'><strong>eum</strong></span> <span class='ocrx_word' id='word_1_224' title='bbox 497 3121 597 3161; x_wconf 88' lang='lat' dir='ltr'><strong>eorum</strong></span> <span class='ocrx_word' id='word_1_225' title='bbox 621 3122 698 3180; x_wconf 86' lang='lat' dir='ltr'><strong>quae</strong></span> <span class='ocrx_word' id='word_1_226' title='bbox 725 3121 824 3162; x_wconf 89' lang='lat' dir='ltr'><strong>recens</strong></span> <span class='ocrx_word' id='word_1_227' title='bbox 856 3104 973 3162; x_wconf 85' lang='lat' dir='ltr'><strong>inventa</strong></span> <span class='ocrx_word' id='word_1_228' title='bbox 1002 3110 1071 3162; x_wconf 89' lang='lat' dir='ltr'><strong>sunt</strong></span> <span class='ocrx_word' id='word_1_229' title='bbox 1102 3110 1163 3160; x_wconf 91' lang='lat' dir='ltr'><strong>tum</strong></span> <span class='ocrx_word' id='word_1_230' title='bbox 1193 3121 1292 3159; x_wconf 87' lang='lat' dir='ltr'><strong>eorum</strong></span> 
     </span>
     <span class='ocr_line' id='line_1_28' title="bbox 95 3203 1292 3283; baseline -0.002 -21"><span class='ocrx_word' id='word_1_231' title='bbox 95 3219 156 3277; x_wconf 88' lang='lat' dir='ltr'><strong>quae</strong></span> <span class='ocrx_word' id='word_1_232' title='bbox 177 3225 228 3283; x_wconf 90' lang='lat' dir='ltr'><strong>ego</strong></span> <span class='ocrx_word' id='word_1_233' title='bbox 252 3205 424 3264; x_wconf 89' lang='lat' dir='ltr'><strong>huiusmodi</strong></span> <span class='ocrx_word' id='word_1_234' title='bbox 451 3205 560 3281; x_wconf 86' lang='lat' dir='ltr'><strong>negotii</strong></span> <span class='ocrx_word' id='word_1_235' title='bbox 586 3205 714 3265; x_wconf 88' lang='lat' dir='ltr'><strong>nondum</strong></span> <span class='ocrx_word' id='word_1_236' title='bbox 745 3207 816 3266; x_wconf 88' lang='lat' dir='ltr'><strong>satis</strong></span> <span class='ocrx_word' id='word_1_237' title='bbox 845 3207 954 3283; x_wconf 88' lang='lat' dir='ltr'><strong>peritus</strong></span> <span class='ocrx_word' id='word_1_238' title='bbox 984 3205 1031 3264; x_wconf 83' lang='lat' dir='ltr'><strong>vel</strong></span> <span class='ocrx_word' id='word_1_239' title='bbox 1061 3203 1217 3262; x_wconf 89' lang='lat' dir='ltr'><strong>omiseram</strong></span> <span class='ocrx_word' id='word_1_240' title='bbox 1247 3203 1292 3260; x_wconf 90' lang='lat' dir='ltr'><strong>vel</strong></span> 
     </span>
     <span class='ocr_line' id='line_1_29' title="bbox 96 3303 1291 3368; baseline 0.002 -9"><span class='ocrx_word' id='word_1_241' title='bbox 96 3303 154 3363; x_wconf 84' lang='lat' dir='ltr'><strong>ielso</strong></span> <span class='ocrx_word' id='word_1_242' title='bbox 177 3307 245 3366; x_wconf 91' lang='lat' dir='ltr'><strong>olim</strong></span> <span class='ocrx_word' id='word_1_243' title='bbox 273 3307 338 3366; x_wconf 89' lang='lat' dir='ltr'><strong>loco</strong></span> <span class='ocrx_word' id='word_1_244' title='bbox 361 3307 514 3366; x_wconf 88' lang='lat' dir='ltr'><strong>conlocata</strong></span> <span class='ocrx_word' id='word_1_245' title='bbox 537 3313 725 3368; x_wconf 87' lang='lat' dir='ltr'><strong>retraxeram.</strong></span> <span class='ocrx_word' id='word_1_246' title='bbox 772 3309 891 3367; x_wconf 82' lang='lat' dir='ltr'><strong>Eisdem</strong></span> <span class='ocrx_word' id='word_1_247' title='bbox 924 3313 1021 3366; x_wconf 90' lang='lat' dir='ltr'><strong>autem</strong></span> <span class='ocrx_word' id='word_1_248' title='bbox 1051 3307 1088 3365; x_wconf 88' lang='lat' dir='ltr'><strong>de</strong></span> <span class='ocrx_word' id='word_1_249' title='bbox 1119 3306 1215 3363; x_wconf 89' lang='lat' dir='ltr'><strong>causis</strong></span> <span class='ocrx_word' id='word_1_250' title='bbox 1246 3305 1291 3362; x_wconf 93' lang='lat' dir='ltr'><strong>vel</strong></span> 
     </span>
     <span class='ocr_line' id='line_1_30' title="bbox 94 3406 1292 3488; baseline -0.004 -21"><span class='ocrx_word' id='word_1_251' title='bbox 94 3409 219 3468; x_wconf 73' lang='lat' dir='ltr'><strong>Addendsa</strong></span> <span class='ocrx_word' id='word_1_252' title='bbox 234 3429 311 3488; x_wconf 87' lang='lat' dir='ltr'><strong>quae</strong></span> <span class='ocrx_word' id='word_1_253' title='bbox 325 3409 461 3469; x_wconf 86' lang='lat' dir='ltr'><strong>adderem</strong></span> <span class='ocrx_word' id='word_1_254' title='bbox 471 3410 568 3480; x_wconf 91' lang='lat' dir='ltr'><strong>habui,</strong></span> <span class='ocrx_word' id='word_1_255' title='bbox 587 3410 708 3487; x_wconf 88' lang='lat' dir='ltr'><strong>quaein</strong></span> <span class='ocrx_word' id='word_1_256' title='bbox 726 3411 810 3469; x_wconf 90' lang='lat' dir='ltr'><strong>huius</strong></span> <span class='ocrx_word' id='word_1_257' title='bbox 826 3409 1015 3488; x_wconf 82' lang='lat' dir='ltr'><strong>praelationis</strong></span> <span class='ocrx_word' id='word_1_258' title='bbox 1030 3408 1107 3467; x_wconf 90' lang='lat' dir='ltr'><strong>calce</strong></span> <span class='ocrx_word' id='word_1_259' title='bbox 1123 3406 1292 3465; x_wconf 88' lang='lat' dir='ltr'><strong>subicienda</strong></span> 
     </span>
     <span class='ocr_line' id='line_1_31' title="bbox 94 3508 1291 3590; baseline 0 -25"><span class='ocrx_word' id='word_1_260' title='bbox 94 3513 189 3585; x_wconf 75' lang='lat' dir='ltr'><strong>curavi3</strong></span> <span class='ocrx_word' id='word_1_261' title='bbox 209 3511 351 3574; x_wconf 89' lang='lat' dir='ltr'><strong>nonnulla</strong></span> <span class='ocrx_word' id='word_1_262' title='bbox 371 3511 456 3571; x_wconf 90' lang='lat' dir='ltr'><strong>doleo</strong></span> <span class='ocrx_word' id='word_1_263' title='bbox 476 3514 554 3590; x_wconf 88' lang='lat' dir='ltr'><strong>quod</strong></span> <span class='ocrx_word' id='word_1_264' title='bbox 572 3523 640 3590; x_wconf 92' lang='lat' dir='ltr'><strong>post</strong></span> <span class='ocrx_word' id='word_1_265' title='bbox 656 3513 800 3574; x_wconf 83' lang='lat' dir='ltr'><strong>coniectos</strong></span> <span class='ocrx_word' id='word_1_266' title='bbox 814 3514 929 3573; x_wconf 89' lang='lat' dir='ltr'><strong>demum</strong></span> <span class='ocrx_word' id='word_1_267' title='bbox 944 3521 973 3571; x_wconf 91' lang='lat' dir='ltr'><strong>et</strong></span> <span class='ocrx_word' id='word_1_268' title='bbox 986 3511 1064 3589; x_wconf 89' lang='lat' dir='ltr'><strong>typis</strong></span> <span class='ocrx_word' id='word_1_269' title='bbox 1078 3526 1232 3587; x_wconf 85' lang='lat' dir='ltr'><strong>expressos</strong></span> <span class='ocrx_word' id='word_1_270' title='bbox 1247 3508 1291 3565; x_wconf 92' lang='lat' dir='ltr'><strong>in-</strong></span> 
     </span>
     <span class='ocr_line' id='line_1_32' title="bbox 94 3611 1290 3693; baseline -0.002 -24"><span class='ocrx_word' id='word_1_271' title='bbox 94 3611 157 3672; x_wconf 88' lang='lat' dir='ltr'><strong>dices</strong></span> <span class='ocrx_word' id='word_1_272' title='bbox 169 3623 357 3676; x_wconf 77' lang='lat' dir='ltr'><strong>accessemm.</strong></span> <span class='ocrx_word' id='word_1_273' title='bbox 380 3615 532 3676; x_wconf 77' lang='lat' dir='ltr'><strong>Addendie</strong></span> <span class='ocrx_word' id='word_1_274' title='bbox 546 3616 658 3693; x_wconf 89' lang='lat' dir='ltr'><strong>passim</strong></span> <span class='ocrx_word' id='word_1_275' title='bbox 671 3616 849 3676; x_wconf 89' lang='lat' dir='ltr'><strong>intermiscui</strong></span> <span class='ocrx_word' id='word_1_276' title='bbox 863 3615 1047 3693; x_wconf 80' lang='lat' dir='ltr'><strong>corrigenda3</strong></span> <span class='ocrx_word' id='word_1_277' title='bbox 1067 3612 1178 3673; x_wconf 82' lang='lat' dir='ltr'><strong>correxi</strong></span> <span class='ocrx_word' id='word_1_278' title='bbox 1193 3621 1290 3668; x_wconf 85' lang='lat' dir='ltr'><strong>tamen</strong></span> 
     </span>
     <span class='ocr_line' id='line_1_33' title="bbox 95 3715 1292 3795; baseline -0.002 -21"><span class='ocrx_word' id='word_1_279' title='bbox 95 3733 122 3769; x_wconf 77' lang='lat' dir='ltr'><strong>eu</strong></span> <span class='ocrx_word' id='word_1_280' title='bbox 145 3723 250 3777; x_wconf 89' lang='lat' dir='ltr'><strong>tantum</strong></span> <span class='ocrx_word' id='word_1_281' title='bbox 285 3737 362 3795; x_wconf 88' lang='lat' dir='ltr'><strong>quae</strong></span> <span class='ocrx_word' id='word_1_282' title='bbox 391 3718 518 3795; x_wconf 89' lang='lat' dir='ltr'><strong>legentes</strong></span> <span class='ocrx_word' id='word_1_283' title='bbox 548 3719 694 3778; x_wconf 84' lang='lat' dir='ltr'><strong>offendere</strong></span> <span class='ocrx_word' id='word_1_284' title='bbox 722 3718 903 3793; x_wconf 88' lang='lat' dir='ltr'><strong>viderentur,</strong></span> <span class='ocrx_word' id='word_1_285' title='bbox 935 3719 994 3777; x_wconf 90' lang='lat' dir='ltr'><strong>alia</strong></span> <span class='ocrx_word' id='word_1_286' title='bbox 1023 3715 1168 3795; x_wconf 87' lang='lat' dir='ltr'><strong>permulta</strong></span> <span class='ocrx_word' id='word_1_287' title='bbox 1197 3715 1292 3773; x_wconf 90' lang='lat' dir='ltr'><strong>sciens</strong></span> 
     </span>
     <span class='ocr_line' id='line_1_34' title="bbox 96 3818 1293 3899; baseline 0.001 -23"><span class='ocrx_word' id='word_1_288' title='bbox 96 3823 267 3890; x_wconf 84' lang='lat' dir='ltr'><strong>praetermisi.</strong></span> <span class='ocrx_word' id='word_1_289' title='bbox 311 3819 398 3895; x_wconf 81' lang='lat' dir='ltr'><strong>Quod</strong></span> <span class='ocrx_word' id='word_1_290' title='bbox 418 3821 581 3879; x_wconf 89' lang='lat' dir='ltr'><strong>incredibili</strong></span> <span class='ocrx_word' id='word_1_291' title='bbox 600 3841 754 3899; x_wconf 84' lang='lat' dir='ltr'><strong>operarum</strong></span> <span class='ocrx_word' id='word_1_292' title='bbox 776 3821 909 3880; x_wconf 86' lang='lat' dir='ltr'><strong>socordia</strong></span> <span class='ocrx_word' id='word_1_293' title='bbox 929 3827 959 3880; x_wconf 91' lang='lat' dir='ltr'><strong>et</strong></span> <span class='ocrx_word' id='word_1_294' title='bbox 971 3820 1108 3896; x_wconf 83' lang='lat' dir='ltr'><strong>inperitia</strong></span> <span class='ocrx_word' id='word_1_295' title='bbox 1125 3818 1234 3876; x_wconf 89' lang='lat' dir='ltr'><strong>factum</strong></span> <span class='ocrx_word' id='word_1_296' title='bbox 1249 3821 1293 3877; x_wconf 88' lang='lat' dir='ltr'><strong>est</strong></span> 
     </span>
     <span class='ocr_line' id='line_1_35' title="bbox 95 3920 1291 4001; baseline 0.003 -27"><span class='ocrx_word' id='word_1_297' title='bbox 95 3931 119 3976; x_wconf 90' lang='lat' dir='ltr'><strong>nt</strong></span> <span class='ocrx_word' id='word_1_298' title='bbox 137 3923 287 3983; x_wconf 87' lang='lat' dir='ltr'><strong>innumeris</strong></span> <span class='ocrx_word' id='word_1_299' title='bbox 308 3923 368 3981; x_wconf 84' lang='lat' dir='ltr'><strong>iere</strong></span> <span class='ocrx_word' id='word_1_300' title='bbox 389 3921 460 3980; x_wconf 89' lang='lat' dir='ltr'><strong>locis</strong></span> <span class='ocrx_word' id='word_1_301' title='bbox 481 3923 638 3999; x_wconf 84' lang='lat' dir='ltr'><strong>spirituum</strong></span> <span class='ocrx_word' id='word_1_302' title='bbox 657 3935 884 4001; x_wconf 87' lang='lat' dir='ltr'><strong>accentunmque</strong></span> <span class='ocrx_word' id='word_1_303' title='bbox 904 3934 989 3983; x_wconf 81' lang='lat' dir='ltr'><strong>notes</strong></span> <span class='ocrx_word' id='word_1_304' title='bbox 1009 3922 1139 3998; x_wconf 83' lang='lat' dir='ltr'><strong>dilapsae</strong></span> <span class='ocrx_word' id='word_1_305' title='bbox 1159 3920 1291 3994; x_wconf 89' lang='lat' dir='ltr'><strong>abierint,</strong></span> 
     </span>
     <span class='ocr_line' id='line_1_36' title="bbox 97 4023 1291 4105; baseline -0.003 -21"><span class='ocrx_word' id='word_1_306' title='bbox 97 4041 166 4100; x_wconf 77' lang='lat' dir='ltr'><strong>segre</strong></span> <span class='ocrx_word' id='word_1_307' title='bbox 184 4023 234 4086; x_wconf 83' lang='lat' dir='ltr'><strong>lioc</strong></span> <span class='ocrx_word' id='word_1_308' title='bbox 252 4028 327 4100; x_wconf 82' lang='lat' dir='ltr'><strong>sero,</strong></span> <span class='ocrx_word' id='word_1_309' title='bbox 347 4027 463 4102; x_wconf 80' lang='lat' dir='ltr'><strong>aegrius</strong></span> <span class='ocrx_word' id='word_1_310' title='bbox 484 4045 552 4085; x_wconf 92' lang='lat' dir='ltr'><strong>vero</strong></span> <span class='ocrx_word' id='word_1_311' title='bbox 567 4027 643 4105; x_wconf 92' lang='lat' dir='ltr'><strong>quod</strong></span> <span class='ocrx_word' id='word_1_312' title='bbox 662 4029 725 4105; x_wconf 90' lang='lat' dir='ltr'><strong>ipse</strong></span> <span class='ocrx_word' id='word_1_313' title='bbox 746 4029 822 4086; x_wconf 89' lang='lat' dir='ltr'><strong>insto</strong></span> <span class='ocrx_word' id='word_1_314' title='bbox 842 4026 959 4103; x_wconf 86' lang='lat' dir='ltr'><strong>saepius</strong></span> <span class='ocrx_word' id='word_1_315' title='bbox 985 4033 1118 4083; x_wconf 85' lang='lat' dir='ltr'><strong>accentus</strong></span> <span class='ocrx_word' id='word_1_316' title='bbox 1138 4043 1291 4100; x_wconf 82' lang='lat' dir='ltr'><strong>perperam</strong></span> 
     </span>
     <span class='ocr_line' id='line_1_37' title="bbox 95 4126 1292 4207; baseline -0.002 -23"><span class='ocrx_word' id='word_1_317' title='bbox 95 4128 187 4199; x_wconf 86' lang='lat' dir='ltr'><strong>positos</strong></span> <span class='ocrx_word' id='word_1_318' title='bbox 205 4130 351 4207; x_wconf 81' lang='lat' dir='ltr'><strong>corrigere</strong></span> <span class='ocrx_word' id='word_1_319' title='bbox 371 4129 501 4206; x_wconf 78' lang='lat' dir='ltr'><strong>neglexi3</strong></span> <span class='ocrx_word' id='word_1_320' title='bbox 522 4130 572 4206; x_wconf 91' lang='lat' dir='ltr'><strong>qui</strong></span> <span class='ocrx_word' id='word_1_321' title='bbox 591 4150 705 4190; x_wconf 89' lang='lat' dir='ltr'><strong>errores</strong></span> <span class='ocrx_word' id='word_1_322' title='bbox 726 4149 815 4206; x_wconf 85' lang='lat' dir='ltr'><strong>quem</strong></span> <span class='ocrx_word' id='word_1_323' title='bbox 833 4129 913 4206; x_wconf 87' lang='lat' dir='ltr'><strong>digni</strong></span> <span class='ocrx_word' id='word_1_324' title='bbox 932 4129 990 4186; x_wconf 88' lang='lat' dir='ltr'><strong>sint</strong></span> <span class='ocrx_word' id='word_1_325' title='bbox 1003 4127 1053 4204; x_wconf 90' lang='lat' dir='ltr'><strong>qni</strong></span> <span class='ocrx_word' id='word_1_326' title='bbox 1067 4126 1194 4203; x_wconf 85' lang='lat' dir='ltr'><strong>graviter</strong></span> <span class='ocrx_word' id='word_1_327' title='bbox 1206 4126 1292 4184; x_wconf 91' lang='lat' dir='ltr'><strong>casti-</strong></span> 
     </span>
     <span class='ocr_line' id='line_1_38' title="bbox 96 4229 1291 4312; baseline 0 -28"><span class='ocrx_word' id='word_1_328' title='bbox 96 4241 181 4302; x_wconf 87' lang='lat' dir='ltr'><strong>gentur</strong></span> <span class='ocrx_word' id='word_1_329' title='bbox 199 4236 288 4312; x_wconf 89' lang='lat' dir='ltr'><strong>probe</strong></span> <span class='ocrx_word' id='word_1_330' title='bbox 308 4234 378 4308; x_wconf 92' lang='lat' dir='ltr'><strong>scio,</strong></span> <span class='ocrx_word' id='word_1_331' title='bbox 399 4251 577 4309; x_wconf 88' lang='lat' dir='ltr'><strong>quamquam</strong></span> <span class='ocrx_word' id='word_1_332' title='bbox 596 4253 690 4311; x_wconf 88' lang='lat' dir='ltr'><strong>neque</strong></span> <span class='ocrx_word' id='word_1_333' title='bbox 710 4250 801 4308; x_wconf 89' lang='lat' dir='ltr'><strong>aeque</strong></span> <span class='ocrx_word' id='word_1_334' title='bbox 815 4249 909 4308; x_wconf 87' lang='lat' dir='ltr'><strong>neque</strong></span> <span class='ocrx_word' id='word_1_335' title='bbox 927 4231 1085 4308; x_wconf 88' lang='lat' dir='ltr'><strong>prudenter</strong></span> <span class='ocrx_word' id='word_1_336' title='bbox 1099 4229 1291 4287; x_wconf 88' lang='lat' dir='ltr'><strong>existimantis</strong></span> 
     </span>
    </p>
   </div>
   <div class='ocr_carea' id='block_1_3' title="bbox 0 0 1640 4918">
    <p class='ocr_par' dir='ltr' id='par_1_6' title="bbox 0 0 1640 4918">
     <span class='ocr_line' id='line_1_39' title="bbox 0 0 1640 4918; baseline 0 0"><span class='ocrx_word' id='word_1_337' title='bbox 0 0 1640 4918; x_wconf 95' lang='lat' dir='ltr'><strong> </strong></span> 
     </span>
    </p>
   </div>
  </div>
 </body>
</html>
