3160 4910
148 381 181 438 11.
207 382 316 438 heroum
328 386 356 437 et
367 385 484 438 virorum
496 383 626 438 clarorum
640 387 816 440 monumenta
828 383 957 440 artificm
969 385 1118 456 mumque
1131 385 1211 440 tituli
1231 383 1294 453 489

240 546 270 616 si
292 551 320 616 δ’
343 539 437 638 ἦσθα
459 544 640 628 ἀθάνατος,
664 551 737 628 πῶς
759 547 793 616 ἐν
816 553 955 638 θνητοῖς
977 572 1015 617 σο
1038 547 1261 636 desipuisses,-

310 643 350 716 οὗ
371 649 419 731 μὰ
442 648 480 716 σὲ
500 653 592 716 ταῦτ’
616 651 722 738 ἐχρῆν,
747 649 845 734 σεμνὲ
867 645 1003 738 ποιητά,
1027 657 1173 740 φρονεῖν·

241 745 312 818 ἀλλ’
335 747 437 838 ἔγνων
457 749 496 816 τὸ
520 746 658 839 ἀληθές,
682 751 946 838 Acrisioneis·
968 748 1155 840 διαφεύγει·

313 843 498 940 ἄνθρωπόν
520 873 633 938 φασιν,
661 852 736 920 ortt
758 877 795 920 os
810 849 949 942 Ὅμηρε,
973 853 1098 921 πέλειν.
1206 920 1211 932 ,

156 990 286 1050 Litterae
306 990 454 1068 vulgares3
479 1006 504 1048 11
524 990 639 1049 saeculo
659 1011 717 1049 non
738 992 882 1069 antiquior
901 991 1060 1069 inscriptio,
1080 993 1105 1051 si
1126 993 1244 1074 quidem
1263 996 1294 1056 in

81 1085 231 1144 Menandri
251 1085 337 1145 titulo
359 1087 399 1159 (v.
414 1085 498 1162 seq.),
519 1085 569 1161 qui
590 1093 621 1143 ut
640 1087 740 1145 eodem
760 1086 825 1145 loco
843 1087 956 1164 positus
975 1087 1017 1146 ita
1036 1088 1138 1147 eodem
1164 1095 1295 1167 tempore

81 1181 116 1238 ab
136 1181 238 1240 eodem
257 1193 345 1258 poeta
364 1181 491 1257 scriptus
511 1187 540 1238 et
560 1181 597 1238 ab
618 1181 723 1240 eodem
742 1180 890 1258 lapidario
910 1181 1039 1258 sculptus
1058 1189 1112 1256 est,
1133 1184 1233 1243 dativo
1248 1179 1294 1266 ψξ·
1409 1227 1413 1234 .

81 1273 118 1353 λῳ
132 1275 174 1351 (v.
192 1275 233 1352 1.)
253 1275 313 1334 iota
333 1294 392 1334 non
412 1273 541 1334 additum
562 1283 613 1334 est.
645 1275 800 1334 Aelianum
820 1265 877 1356 uepl
898 1263 973 1343 ζαέων
992 1274 1164 1352 scriptorem
1185 1285 1294 1336 utrum·

80 1386 133 1444 que
152 1368 257 1428 fecisse
276 1369 457 1448 epigramma
477 1388 577 1428 omnes
596 1367 657 1428 fere
677 1369 873 1443 crediderumt,
899 1387 1024 1446 qnorum
1047 1388 1116 1429 sane
1140 1371 1195 1430 boc
1213 1371 1295 1430 favet

80 1463 217 1539 opinioni,
238 1463 316 1541 quod
337 1481 439 1523 versus
459 1463 623 1540 pedestrem
645 1463 740 1542 magis
760 1483 849 1540 quam
868 1465 1015 1541 poeticum
1035 1483 1197 1524 sermonem
1220 1465 1294 1524 resi·

78 1557 170 1634 piunt.
211 1558 369 1618 Aelianum
389 1563 497 1630 tamen,
518 1557 568 1634 qui
588 1558 617 1616 in
637 1556 833 1617 bibliothecae
853 1576 922 1617 suae
942 1557 1085 1618 vestibulo
1104 1558 1219 1619 hermas
1239 1578 1293 1637 po-

79 1652 143 1722 suit,
169 1652 291 1712 eundem
315 1653 443 1714 carmina
463 1649 567 1710 fecisse
593 1651 697 1710 docent
720 1651 802 1710 tituli
826 1652 943 1712 alterins
963 1672 1009 1710 vr.
1024 1653 1117 1729 9sqq.
1157 1651 1293 1712 Ceterum

79 1765 114 1804 ex
133 1745 248 1806 schedis
268 1747 409 1806 vaticanis
430 1745 543 1823 Ligarii
563 1747 695 1805 notitiam
721 1748 868 1824 protraxit
887 1745 1024 1805 Weloker
1045 1747 1121 1806 Mus.
1142 1749 1196 1806 Rb.
1219 1748 1293 1807 1845

78 1838 119 1898 ΠΙ
133 1841 202 1915 466,
223 1839 374 1900 Menandri
390 1860 447 1900 uns
466 1859 530 1898 cum
545 1839 667 1900 Homeri
686 1840 818 1900 hermam
836 1847 983 1919 repertum
997 1859 1061 1900 esse
1074 1842 1105 1898 in
1118 1841 1190 1900 villa
1203 1840 1291 1902 Clau·

78 1933 117 1992 dii
137 1931 289 1993 Valeriani
314 1935 427 1994 Aeliani
453 1934 652 2008 Praenestini,
678 1941 749 1994 tunc
770 1935 869 1994 Casula
894 1937 924 1992 di
953 1933 1106 1993 Valeriano
1132 1936 1293 2008 nominata3

78 2045 149 2103 quas
170 2047 229 2105 qua
250 2028 310 2087 fide
330 2029 420 2106 digna
439 2029 498 2087 sint
518 2029 623 2088 nescio.
648 2063 686 2073 -
706 2027 837 2087 Primum
857 2031 1036 2108 epigramma
1054 2029 1154 2105 paucis
1174 2029 1293 2088 mutatis

77 2121 226 2200 Antipatri
247 2121 359 2182 Sidonii
386 2130 432 2182 est
451 2125 487 2184 A.
509 2121 542 2184 Ρ.
562 2123 618 2182 Vll
639 2125 666 2183 6.
685 2156 723 2166 -
747 2125 761 2181 1
783 2115 917 2204 μακιίρων
937 2118 970 2182 δέ
987 2124 1086 2184 codex.
1102 2157 1141 2168 -
1157 2113 1291 2182 θἝλλιί-

77 2238 123 2274 νων
143 2217 226 2298 βιοτᾷ
245 2217 351 2284 codex,
377 2216 422 2274 cui
450 2219 529 2294 quod
550 2219 690 2277 Aelianus
711 2204 791 2292 δέξης
812 2218 962 2276 substituit
981 2237 1046 2277 cum
1069 2219 1209 2277 obscurus
1230 2217 1292 2276 lieri

76 2321 221 2370 vereretur
246 2311 363 2389 ineptus
390 2311 487 2370 lactus
511 2318 565 2370 est.
605 2313 711 2372 Melius
736 2318 824 2388 poeta
849 2327 882 2369 1v
907 2311 1016 2370 saeculi
1041 2329 1130 2387 supra
1153 2332 1179 2369 n.
1196 2311 1292 2384 906,ss
1363 2349 1366 2357 ψ

75 2399 153 2479 γαίης
169 2399 319 2485 Ἰλλυρίδος
339 2392 463 2484 δειέτερον
482 2403 576 2480 ἠέλιον.
599 2439 637 2450 -
659 2409 675 2465 3
695 2407 817 2466 Μουσῶν
837 2405 937 2479 codex,
958 2407 1037 2482 quod
1056 2425 1093 2463 ex
1112 2405 1210 2481 lapide
1229 2423 1292 2462 cor·

75 2499 234 2576 rigandum.
246 2532 283 2545 -
297 2487 435 2579 ιἰγῆρατιν
454 2501 546 2560 codex
567 2509 595 2560 et
614 2501 701 2578 lapis,
721 2506 859 2576 certaque
878 2500 990 2559 ratione
1010 2497 1065 2558 hoc
1085 2511 1112 2556 et
1132 2499 1291 2574 Antipatro
1364 2519 1366 2526 ’

76 2602 103 2650 et
122 2593 190 2654 aliis
209 2595 308 2653 multis
329 2595 424 2672 poetis
444 2596 655 2655 restituendum
674 2603 726 2668 est,
753 2595 790 2654 cf.
810 2595 856 2654 acl
879 2615 906 2652 n.
922 2596 987 2669 547,
1002 2595 1028 2653 3.
1050 2626 1088 2638 -
1108 2591 1290 2669 4Antipatri

77 2706 175 2748 versus
196 2679 306 2765 σαντές,
327 2683 476 2769 δλιρροθέα,
497 2688 572 2764 ξεῖνε,
593 2688 709 2750 κέκευθε
729 2679 797 2758 αι’νις
815 2708 852 2748 ex
871 2708 967 2747 rerum
979 2687 1148 2747 necessitate
1161 2693 1291 2746 mutatus

76 2791 126 2855 est,
147 2789 178 2842 et
197 2784 270 2842 satis
291 2783 408 2860 quidem
430 2783 520 2856 male3
540 2784 640 2862 paullo
659 2783 764 2842 melius
784 2783 949 2859 scripsisset
967 2779 1031 2865 δρᾷς
1044 2772 1145 2841 τούτου
1164 2776 1292 2840 δαίδαλον

75 2873 236 2956 ἀρχέτυπον,
257 2877 292 2938 cf.
318 2879 355 2936 Δ.
377 2876 439 2936 Pal.
461 2876 536 2935 XVI
557 2878 616 2954 (ed.
636 2877 718 2952 Par.)
740 2879 792 2936 151
816 2875 969 2958 ἀρχέτυπον
988 2871 1086 2944 Διδσθς
1107 2871 1248 2956 ἐρικυδέος,
1269 2867 1295 2934 ui

77 2969 140 3046 ξένε,
162 2959 289 3041 λοέσσας
311 2959 406 3030 εἰκένα.
430 3006 463 3018 -
487 2971 505 3030 5
525 2970 687 3031 Homerum
707 2973 964 3052 grammaticorum
984 2971 1222 3031 altercationibus
1242 2971 1291 3030 de-

76 3063 230 3141 fatigatum
244 3066 368 3143 patriam
383 3072 537 3142 ortumque
549 3066 677 3126 indicare
689 3069 869 3128 recusantem
884 3066 968 3127 multi
983 3067 1137 3133 linxerunt,
1157 3065 1192 3124 of.
1207 3067 1243 3124 A.
1258 3063 1291 3124 P.

75 3159 150 3218 XVI
171 3160 227 3237 (ed
250 3159 334 3236 Pur.)
355 3159 422 3233 299,
443 3158 598 3236 pluresque
618 3161 720 3221 eadem
739 3163 800 3222 fere
819 3161 934 3222 ratione
959 3180 1018 3238 qua
1037 3158 1178 3218 Aelianus
1203 3177 1290 3233 quae·

75 3255 198 3313 ationem
219 3255 380 3328 solvebant,
402 3253 437 3313 ol.
458 3252 525 3313 ibid.
547 3255 603 3314 295
626 3254 655 3314 οὐ
676 3245 730 3336 γδρ
752 3252 805 3336 lou
825 3244 922 3336 χθονδς
936 3251 1019 3334 ἔργον·
1033 3251 1081 3312 cln'
1093 3249 1200 3333 αἰθέρος
1215 3245 1294 3311 δλλιέ

75 3349 87 3405 ὲ
106 3351 221 3407 Μοῦσαι
242 3347 369 3427 πέμψαν,
387 3340 418 3405 θ’
438 3341 556 3428 ἡμερίοις
578 3345 652 3430 διῖρα
674 3340 782 3424 σοθητδ
804 3348 879 3429 φέροι
900 3357 930 3408 ot
950 3348 1007 3407 296
1029 3337 1121 3425 σοι’τρα
1148 3368 1188 3406 σοι
1212 3345 1291 3406 τελέ-

75 3441 118 3500 θει
137 3441 229 3520 μέγας
250 3430 368 3522 οὔριινδς,
388 3440 419 3500 ἐκ
440 3437 469 3499 db
487 3433 623 3510 venaticos
645 3441 675 3501 οὐ
698 3443 814 3517 θνατοῖς,
840 3432 945 3522 ματρδς
971 3437 996 3499 δ’
1022 3437 1100 3500 ἔπλεο
1120 3430 1289 3510 Καλλιέσιις.

74 3569 112 3580 -
133 3537 228 3614 esqq.
249 3536 284 3595 cf.
305 3536 342 3594 n.
363 3532 395 3596 P.
417 3535 488 3594 xvr
509 3537 565 3612 (eu
587 3509 668 3613 bar.)
689 3537 743 3595 301
767 3534 788 3596 s
808 3527 870 3606 οεις
891 3535 963 3596 ἐστι
977 3524 1113 3616 Ὄμηρος,
1134 3535 1159 3595 s
1184 3525 1290 3596 οοιιι-

74 3651 144 3689 τοισι
167 3628 306 3709 σεβέσθω,
331 3625 352 3688 εἰ
372 3624 397 3687 δ
418 3621 460 3687 αθ
476 3620 516 3708 μὴ
536 3618 599 3699 θεές
619 3629 694 3705 ἔστι,
720 3630 874 3711 νομιζέσθω
899 3620 962 3699 θεδς
987 3627 1059 3689 εἶναι.
1078 3664 1116 3674 -
1139 3629 1173 3688 12
1196 3626 1224 3688 οὐ
1248 3619 1291 3700 μδ

76 3724 110 3784 σέ
128 3724 297 3804 peripsum
318 3723 480 3782 Homerum
499 3724 600 3783 iurans
620 3724 705 3784 deum
726 3743 790 3784 esse
811 3727 1011 3804 significat-
1029 3727 1064 3784 14
1077 3727 1210 3784 honinem
1230 3729 1291 3802 qut-

76 3820 137 3877 dsm
159 3829 184 3877 ts
198 3820 376 3896 pradicant,
397 3827 429 3876 ut
448 3819 582 3894 ἀιόδοιιιο,
603 3838 691 3896 quam
711 3821 886 3880 senteutiam
906 3828 993 3897 poeta
1005 3837 1065 3878 uon
1078 3826 1219 3896 apertam,
1240 3821 1292 3880 sed

75 3931 178 3971 veram
187 3913 231 3971 ait
241 3931 312 3985 esse,
328 3921 476 3989 tamquam
487 3933 523 3972 ex
533 3912 641 3972 oraculi
652 3913 780 3974 tenebris
794 3915 976 3990 extricatam,
987 3913 1023 3973 ol.
1035 3915 1073 3974 A.
1083 3912 1119 3974 P.
1134 3915 1152 3973 l.
1164 3934 1186 3975 s.
1200 3933 1221 3974 s.
1234 3913 1291 3975 296

77 4004 98 4063 εἷ
118 4001 152 4064 δέ
169 4029 205 4084 με
225 4003 328 4085 Φοίβου
348 3995 399 4086 χρὴ
421 4005 499 4082 λέξαι
519 3996 628 4075 σινυτδς
649 3997 775 4086 indolui
796 3997 1102 4086 μαντοσύνας-πέτρα
1124 4029 1165 4068 σοι
1184 4009 1293 4069 τελέθει

76 4099 169 4178 μέγας
189 4093 296 4182 siparis
309 4101 381 4162 ιιτλ’.
