3160 4910
284 382 346 448 496
751 380 948 450 Epigrammata
966 380 1047 435 rana.

363 553 391 608 A
412 550 518 608 dextra
541 549 683 608 mensium
709 549 859 608 duodecim
885 550 947 610 dies
975 551 1139 626 adscriptos
1165 567 1230 608 esse
1260 548 1334 606 vidit
1359 547 1497 621 (lhishull,

287 662 402 704 menses
422 645 492 702 anni
506 644 611 702 Asiani
631 663 649 702 a
669 643 698 701 d.
712 641 750 700 24
761 641 838 719 Sept.
853 643 1016 720 incipientis
1032 643 1173 720 adgnovit
1186 642 1316 715 Boeckh,
1336 642 1499 718 intellegens

287 739 373 797 simul
394 747 465 815 quot
484 738 609 814 quisque
628 736 772 796 mensium
792 736 855 796 dies
875 737 1003 813 haberet,
1030 744 1075 796 tot
1097 738 1219 815 singulis
1240 737 1372 797 versibus
1392 737 1500 796 litteras

287 851 367 904 csse;
389 831 466 892 idem
487 831 613 907 denique
632 831 693 890 eius
713 831 765 908 qui
784 839 844 889 tam
864 831 957 890 facete
977 831 1079 891 luserit
1097 851 1200 890 nomen
1221 851 1257 891 ex
1278 850 1415 891 versuum
1429 832 1500 890 litte

286 927 328 986 ris
353 925 514 986 initialibus
541 925 696 985 extricavit
714 923 851 995 Μένιππος
876 915 944 1007 εὗρε.
990 926 1207 986 Grammaticus
1231 926 1287 985 fuit
1315 927 1426 986 otiosus
1454 925 1501 1001 qui

286 1021 401 1080 incultis
426 1021 592 1079 hominibus
616 1020 672 1080 hoc
696 1011 867 1099 μνημοόυνον
887 1009 1029 1101 ἡμερήσιον
1048 1041 1106 1081 non
1132 1020 1217 1080 nullo
1240 1021 1340 1080 labore
1364 1020 1501 1098 prospici-

287 1116 392 1175 endum
413 1116 571 1191 putaverit,
592 1115 650 1174 luit
668 1112 795 1172 imsulsus
815 1123 844 1172 et
857 1114 1009 1193 inperitus,
1031 1117 1081 1192 qui
1095 1135 1159 1174 cum
1175 1115 1259 1173 initio
1273 1116 1344 1174 satis
1357 1113 1502 1172 commode

286 1230 334 1270 res
360 1211 480 1270 cesserit
505 1217 610 1287 postea
634 1219 663 1268 et
688 1226 786 1266 morae
812 1216 841 1265 et
865 1208 975 1268 laboris
1000 1210 1144 1287 inpatiens
1171 1216 1205 1268 ut
1233 1229 1296 1268 rem
1325 1226 1504 1287 quocumque

286 1305 376 1364 modo
402 1305 554 1380 perliceret
579 1311 607 1362 et
625 1301 820 1380 grammaticis
840 1308 871 1360 et
889 1303 1031 1378 metricis,
1061 1303 1187 1380 denique
1205 1304 1254 1362 vel
1274 1299 1503 1380 orthographicis

287 1399 398 1477 legibus
418 1399 528 1457 abusus
547 1398 594 1456 sit
616 1430 654 1442 —
677 1401 688 1456 l
712 1405 740 1456 et
755 1395 912 1469 2Boeckh‚
937 1398 971 1456 12
993 1399 1141 1458 Ghandler
1162 1397 1396 1475 supplevit—3
1411 1410 1503 1453 remon

287 1479 399 1574 νόμιμον
418 1514 450 1550 τε
469 1483 584 1573 χοῖτερον
605 1491 667 1571 μῆν’
687 1485 731 1564 ἠδ’
752 1480 926 1570 ἐπεμβίλους
945 1492 1078 1564 Boeclrh3
1105 1513 1158 1571 ego
1179 1493 1427 1570 Waddingtonem
1446 1489 1504 1546 lere

287 1595 502 1660 suauitatem,
530 1585 581 1663 qui
601 1585 654 1661 (ad
676 1584 768 1644 Lebas
788 1585 815 1643 V
836 1585 907 1662 514)
928 1584 1006 1665 νέμον
1024 1587 1051 1645 τ’
1072 1582 1196 1667 ὲκοίτερον
1216 1589 1291 1664 pirro
1310 1577 1357 1644 ael
1378 1584 1418 1646 ἐν.
1440 1601 1504 1660 pro·

286 1683 393 1762 posuit.
433 1681 572 1758 Intellego
593 1682 743 1756 disponens
764 1689 789 1738 et
807 1698 909 1738 menses
928 1681 1058 1755 vulgares
1083 1675 1262 1763 (spectatae)
1291 1690 1318 1738 et
1343 1681 1401 1738 dies
1427 1678 1505 1734 addi·

288 1781 375 1837 actua
395 1811 433 1822 -
454 1779 472 1834 4
492 1791 579 1834 amare
605 1772 769 1847 Ghandler,
793 1790 858 1831 uam
885 1772 1026 1847 Sherard;
1054 1769 1084 1834 ἵν’
1112 1775 1238 1835 Bocchh.
1266 1808 1304 1818 -
1332 1775 1350 1833 5
1377 1765 1507 1850 reperiar

288 1871 414 1949 simplici
441 1893 455 1952 ρ
484 1870 583 1928 littera
610 1868 762 1944 scriptum,
792 1874 826 1926 ut
850 1868 945 1926 iustus
970 1867 1131 1928 litterarum
1160 1889 1298 1930 numerus
1329 1867 1505 1944 exploratum

287 1967 413 2043 ineptius
433 1965 493 2024 ν.6
514 1949 695 2043 νἰρνθνμῆσας.
716 1994 754 2006 -
775 1963 792 2021 8
813 1955 855 2020 ου’
870 1985 927 2041 μου
949 1956 1055 2045 προνοίᾳ
1077 1963 1197 2022 Boeckh
1223 1964 1373 2040 explicans
1394 1971 1424 2018 tu
1442 1963 1506 2030 iarn,

290 2059 383 2132 lector,
403 2077 461 2115 meo
478 2061 595 2132 provisu
615 2060 645 2114 in
663 2065 803 2131 posterum
822 2058 942 2114 secando
964 2057 1024 2115 loco
1044 2063 1143 2116 numia
1162 2058 1298 2116 intellectu
1311 2055 1429 2132 sucilcra
1442 2071 1505 2110 suo·

288 2171 348 2211 van
366 2169 490 2225 nucum,
516 2169 590 2227 quae
616 2169 716 2209 vereor
740 2159 773 2208 ut
796 2150 897 2209 multis
925 2151 1098 2228 probaturus
1119 2152 1167 2211 sit.
1206 2151 1271 2212 Hoc
1297 2148 1428 2226 equidem
1451 2144 1506 2203 dici

288 2256 360 2324 puto
382 2249 473 2305 dicavi
492 2246 555 2304 Iovi
574 2253 598 2302 et
618 2245 722 2301 Iunoni
740 2246 791 2302 loc
810 2249 864 2302 mei
883 2248 987 2320 inperii
1006 2257 1220 2318 cannamomum
1247 2256 1278 2304 ut
1299 2246 1414 2303 ulterram
1428 2249 1507 2317 post·

288 2341 343 2398 lac
362 2341 516 2417 οῑνρνανιάο
538 2340 634 2396 dicore
648 2341 767 2414 possim,
786 2349 816 2397 tu
837 2347 942 2412 curato,
965 2339 1138 2414 Prudentia,
1162 2345 1239 2400 cuitu
1265 2357 1355 2417 opero
1374 2337 1442 2394 laec
1461 2352 1507 2392 aa·

290 2437 416 2510 cogitaui.
436 2468 474 2478 -
492 2435 533 2522 ll
553 2421 624 2502 Zalc
641 2419 826 2514 Ῥεμβῆνοὸος
846 2432 970 2509 ignotus.
994 2469 1028 2522 ᾗ
1051 2433 1223 2512 Subscripta
1243 2434 1315 2512 legit
1336 2428 1454 2492 Boeclrh
1475 2433 1507 2485 ut

290 2529 462 2606 significari,
493 2533 535 2609 οφ
555 2547 609 2606 pro
631 2528 818 2608 prepositum
838 2535 933 2601 ratius,
958 2546 1050 2604 quem.
1069 2547 1176 2587 anniam
1203 2546 1235 2587 nr
1259 2525 1449 2605 repetendum
1469 2523 1506 2580 ab

290 2623 400 2700 epocha
418 2621 633 2684 Seleucidarum
653 2620 850 2682 Stratoniceus
869 2620 1052 2680 conditorum
1073 2640 1138 2682 esse
1158 2642 1184 2682 a.
1204 2643 1233 2699 p.
1256 2620 1329 2683 Ohr.
1349 2641 1378 2680 n.
1395 2618 1455 2677 189.

291 2901 387 2964 1097.
427 2901 497 2961 Deli
521 2903 552 2962 in
576 2904 647 2965 basi.
696 2903 729 2963 G.
751 2903 773 2964 l.
796 2906 841 2965 10.
868 2902 1038 2964 Melioribus
1059 2901 1169 2963 Stuarti
1194 2913 1222 2962 et
1241 2901 1361 2963 Lebasii
1385 2916 1504 2979 apogra-

291 2998 359 3076 phis
380 3017 450 3057 usus
469 2997 626 3058 Kirchhoff
643 2997 739 3059 Shad?
758 3020 787 3077 p.
802 3000 848 3059 61.

492 3169 501 3188 .
526 3171 533 3187 .
559 3171 567 3187 .
593 3171 601 3187 .
625 3123 729 3190 λίθου
752 3120 822 3206 εἰμὶ
846 3115 985 3208 ἀνδριὰς
1007 3121 1063 3188 καὶ
1085 3120 1123 3190 τὸ
1147 3121 1284 3210 σφέλας.

368 3259 498 3320 Litterae
508 3259 672 3338 olympiade
682 3259 803 3318 LXXV
813 3258 1000 3336 antiquiores.
1016 3291 1054 3302 —
1066 3257 1170 3320 Statua
1181 3259 1236 3317 luit
1247 3260 1396 3338 Apollinis
1411 3255 1500 3316 colos·

294 3377 343 3416 sea
361 3375 380 3414 a
392 3354 496 3414 Naxiis
517 3354 586 3413 olim
599 3353 666 3412 Deli
687 3355 836 3428 dedicata,
857 3359 960 3430 postea
972 3352 1065 3429 (Plut
1088 3355 1155 3414 Nic.
1177 3373 1199 3413 c
1221 3355 1254 3432 3)
1274 3355 1306 3414 ri
1326 3348 1500 3430 tempestatis

292 3468 408 3524 eversa3
443 3466 573 3508 eversam
597 3467 663 3506 cum
686 3450 886 3523 restituerent,
915 3448 1038 3506 alterum
1064 3449 1094 3506 in
1120 3466 1225 3508 averso
1249 3448 1341 3508 latere
1367 3447 1499 3523 scriptum

292 3545 408 3604 titulum
429 3544 564 3602 videntur
583 3541 732 3601 addidisse
751 3536 846 3618 ΝοῈιον
862 3533 1026 3602 Ἀπόλλωνι.
1047 3575 1085 3586 -
1100 3542 1148 3601 Ab
1168 3544 1252 3602 initio
1272 3541 1500 3622 apographorum

293 3657 434 3697 consensu
459 3637 630 3696 confirmata
659 3637 731 3694 haec
756 3635 890 3713 leguntur
915 3651 1122 3698 oasrronreo
1168 3637 1320 3698 Senarium
1346 3655 1407 3696 csse
1431 3633 1500 3690 bene

293 3741 443 3808 perspecto
463 3730 582 3806 scripsit
601 3729 725 3806 Bentley
744 3729 809 3806 aas
831 3727 944 3790 Nereo
962 3725 1051 3805 λίθου,
1073 3732 1150 3808 quod
1164 3731 1233 3789 lerri
1251 3751 1309 3792 non
1329 3747 1411 3808 posse
1423 3727 1499 3800 (aem

294 3845 347 3884 nec
366 3826 510 3884 rlitterae
535 3826 615 3884 locus
644 3832 688 3883 est
707 3824 737 3882 in
757 3823 867 3900 lapide,
894 3842 986 3901 neque
1007 3822 1036 3884 s
1054 3824 1169 3884 litterae
1193 3826 1226 3886 in
1248 3819 1429 3903 pronomine)
1450 3815 1498 3872 de·

293 3927 529 3979 monstraverunt
551 3925 581 3979 et
600 3918 738 3978 Weloker
759 3917 842 3995 (Spu.
872 3916 940 3994 122)
966 3927 995 3976 et
1013 3917 1172 3978 Kirchhoff
1193 3921 1210 3978 l.
1231 3941 1253 3980 a.
1273 3939 1296 3983 a.
1317 3942 1347 3998 p.
1360 3921 1403 3980 62.
1442 3914 1499 3972 re·

187 4062 190 4070 .
293 4033 359 4074 rum
378 4013 458 4074 latet
