3160 4910
300 615 381 685 lexit,
401 615 484 671 mins
499 624 631 686 superest
649 612 845 688 fragmentum
859 605 917 691 sapi
936 601 1042 690 ixlh‘m
1054 613 1147 686 (Post.
1161 613 1250 672 huual
1266 623 1293 670 at
1309 613 1413 670 didam.
1425 609 1501 668 Paria

303 709 401 783 18-16)
422 708 560 766 Eundem
570 718 665 764 antem
676 706 798 764 alterum
807 726 925 782 quoque
937 725 1054 766 tarmei
1069 708 1233 784 suipsisse,
1243 707 1323 783 quod
1329 705 1442 764 Brunel
1457 703 1500 779 ipsi

301 801 414 859 Herodi
434 801 543 874 tribuit,
562 811 640 858 cata
660 808 707 858 est
722 801 863 860 Visoontii
882 803 1056 862 oonieetun.
1087 800 1165 858 Nam
1184 811 1217 859 ut
1236 807 1351 860 mamm
1371 800 1502 873 utriusque

299 896 435 952 ear-minis
461 899 555 952 artern
579 895 721 952 rationem
741 896 869 954 indolem
888 897 975 972 plane
995 896 1148 972 aequales,
1173 896 1223 952 vix
1239 893 1380 954 Herodem
1400 899 1465 970 puto
1483 893 1500 948 si

299 989 362 1064 ipae
381 989 524 1046 voluisset
542 989 651 1066 ingenii
671 990 715 1045 sui
740 991 899 1066 perimlum
925 991 1020 1048 saeue
1045 991 1102 1048 sibi
1128 1007 1192 1046 eam
1220 989 1382 1065 argumenti
1408 997 1501 1064 partem

299 1090 482 1158 sumpturum
509 1081 614 1154 fuisse,
645 1102 719 1157 quae
749 1103 768 1140 a
799 1085 902 1160 quovis
926 1084 986 1141 alio
1009 1084 1129 1142 mactari
1152 1091 1269 1159 pomet,
1301 1081 1502 1140 domestieamm

300 1195 397 1232 rerum
417 1177 571 1252 gentisque
592 1195 663 1233 suae
683 1177 867 1235 enarratione
887 1177 1027 1236 Marcello
1047 1177 1157 1236 relicta
1189 1175 1296 1253 Neque
1316 1175 1431 1234 illorum
1448 1192 1502 1249 poe

301 1277 398 1328 tarum
419 1271 469 1345 qui
490 1270 661 1328 Hadrianeo
682 1271 797 1327 saeculo
817 1271 999 1346 pullulabant
1019 1291 1082 1329 mos
1102 1277 1167 1328 erat
1181 1278 1213 1328 ut
1233 1271 1305 1346 quid
1325 1268 1383 1345 ipsi
1402 1267 1502 1344 ingenio

300 1365 428 1422 valerent
448 1364 524 1420 alios
545 1364 680 1421 celarent.
710 1365 813 1439 ltaque
832 1365 911 1440 quod
924 1365 1055 1423 Marcelli
1078 1363 1196 1423 nomine
1215 1363 1385 1440 insignitum
1398 1369 1501 1419 atar-

299 1477 365 1515 men
391 1458 489 1532 priore
515 1457 579 1516 loeo
599 1459 694 1534 posui.
733 1457 867 1516 Diversis
893 1467 991 1516 autem
1018 1459 1088 1516 locis
1108 1457 1214 1515 Clarae
1238 1457 1384 1514 intellexit
1407 1454 1503 1531 lapide

299 1551 410 1626 positos
430 1550 535 1624 luisse,
562 1570 684 1626 quorum
705 1552 808 1609 titulos
833 1553 915 1610 nulla
935 1571 1031 1610 rerum
1057 1550 1271 1610 necessitudine
1295 1553 1372 1610 inter
1393 1569 1426 1608 se
1448 1569 1503 1606 oon·

299 1645 414 1702 iunotos
440 1663 504 1702 esse
530 1645 659 1721 adparet.
702 1645 805 1702 Vicina
830 1647 937 1703 tuerint
957 1647 1106 1712 Minervae
1131 1644 1327 1721 Nemesisque
1351 1655 1380 1702 et
1405 1643 1503 1702 Cereris

300 1737 514 1815 Faustinaeque
534 1739 616 1811 iana,
643 1739 686 1797 ita
711 1747 808 1796 umen
828 1749 859 1796 ut
879 1739 1039 1817 Triopeum
1058 1739 1233 1816 ingredienti
1254 1740 1376 1797 alterum
1399 1737 1503 1816 propius

298 1843 432 1890 esset.-
447 1834 464 1889 3
479 1834 577 1890 Annia
597 1833 715 1910 Regilla
733 1835 824 1910 appii
846 1833 932 1891 Annii
954 1833 1038 1890 Atilii
1057 1833 1191 1892 Braduae
1211 1835 1284 1908 (eos.
1304 1854 1332 1894 a.
1348 1835 1415 1908 160)
1434 1849 1504 1890 soror

300 1933 378 1998 erat,
404 1945 528 2000 quorum
552 1945 589 1982 ex
617 1927 784 1986 nominihus
802 1928 911 1986 stustra
929 1928 1130 2004 oognationem
1150 1929 1188 1985 ab
1201 1928 1274 2004 ipsis
1287 1925 1370 1986 Iuliis
1381 1929 1502 1986 Aenmre

299 2020 458 2077 duoendam
480 2021 685 2093 quaesiverunt
692 2043 701 2092 ;
721 2021 775 2080 illo
794 2022 873 2079 enim
893 2029 1023 2098 tempore
1042 2041 1143 2080 omnes
1157 2021 1285 2081 Romani
1305 2025 1451 2080 Amendae
1463 2038 1503 2076 vo·

298 2112 439 2168 eabantur
463 2114 574 2189 poetis,
599 2114 635 2172 ot’.
660 2133 750 2191 supra
769 2117 808 2174 ad
827 2117 973 2187 aaran
994 2151 1033 2160 —
1053 2117 1071 2174 6
1095 2117 1221 2176 Cereres
1246 2135 1349 2174 wenta
1373 2123 1447 2174 reete
1469 2115 1504 2170 iu-
1565 2135 1566 2150 ¹

299 2204 471 2262 tellexerunt
489 2206 673 2278 Faustinam,
694 2230 787 2285 neque
807 2223 874 2286 post
895 2210 1001 2288 Heysei
1020 2210 1146 2268 ealeulos
1160 2231 1178 2268 a
1191 2211 1317 2268 Franaio
1331 2211 1504 2268 oonfirmatos

299 2309 457 2374 auctosque
482 2300 604 2360 dubium
628 2321 692 2359 esse
717 2315 814 2378 potest
840 2305 909 2380 quin
930 2303 1069 2362 Faustina
1095 2306 1188 2363 maior
1207 2302 1347 2363 Antonini
1373 2303 1420 2362 Pii
1443 2319 1505 2358 uror

299 2393 487 2470 significetur,
507 2415 583 2470 quae
602 2397 691 2452 etiam
712 2395 741 2452 in
761 2399 887 2455 nummis
908 2401 1025 2474 saepius
1047 2397 1160 2457 Cereris
1180 2400 1278 2474 speeie
1303 2399 1400 2456 utitur.
1434 2391 1502 2454 Nam

299 2499 331 2546 ut
356 2489 482 2546 breviter
501 2488 665 2565 conplectar
685 2509 759 2564 quae
779 2491 835 2548 huc
856 2491 972 2564 iaciunt
992 2491 1135 2568 Regillam
1150 2511 1237 2568 quam
1253 2503 1320 2568 post
1341 2491 1436 2549 fratris
1448 2507 1504 2546 eou-

300 2581 427 2640 sulatum
442 2583 484 2658 (a.
501 2584 569 2659 160)
584 2583 691 2641 obiisse
711 2604 748 2642 ex
762 2584 944 2645 Philostrato
959 2593 1080 2658 constat,
1101 2595 1167 2643 ante
1179 2603 1288 2642 aunum
1307 2585 1360 2644 161
1375 2593 1504 2643 mortuam
1564 2641 1565 2660 ,

300 2696 363 2733 esse
377 2695 498 2734 necesse
511 2684 564 2750 est,
579 2679 603 2736 si
619 2677 735 2753 quidem
750 2679 914 2736 Antoninus
926 2677 1006 2752 Pius,
1027 2680 1076 2756 qui
1090 2699 1116 2738 a
1137 2679 1187 2737 161
1204 2679 1338 2748 decessit,
1358 2677 1464 2736 Herodi
1476 2675 1505 2732 de
1564 2669 1565 2688 ¹

299 2771 400 2827 uxoris
430 2781 522 2828 morte
549 2773 678 2847 graviter
703 2772 820 2830 adflicto
846 2773 942 2830 solatii
968 2773 1078 2850 aliquid
1102 2771 1250 2832 adlaturus
1270 2775 1399 2832 Atticum
1423 2771 1505 2830 filiun

302 2864 434 2937 patriciis
454 2865 606 2940 adscripsit
625 2865 673 2940 (G.
694 2865 717 2924 1.
739 2865 815 2925 6185
835 2866 902 2926 eall.
922 2888 949 2925 r.
965 2866 1025 2944 28).
1056 2867 1168 2926 Herodi
1189 2888 1254 2926 cum
1273 2867 1427 2946 Triopeum
1446 2883 1505 2922 oon·

300 2956 382 3013 deret
407 2958 464 3014 duo
485 2958 569 3014 liberi
588 2971 756 3036 supererant
777 2963 818 3034 (v.
836 2961 895 3036 16),
915 2962 1054 3036 equibus
1074 2961 1208 3038 Elpinioe
1228 2962 1291 3020 filia
1310 2969 1378 3039 post
1396 2969 1504 3019 matrem

302 3055 376 3106 teste
395 3048 584 3124 Philostrato,
604 3053 653 3110 sed
674 3063 742 3111 ante
761 3061 877 3112 mortua
896 3067 941 3112 est
961 3074 1048 3130 quam
1068 3063 1153 3130 pater
1173 3055 1311 3115 Sirmium
1337 3055 1376 3113 ad
1395 3055 1432 3113 hl.
1453 3053 1504 3110 Au·
1563 3091 1564 3098 κ

303 3143 407 3202 relium
427 3145 621 3222 inperatorem
641 3148 886 3224 proficisceretur;
919 3151 997 3226 quod
1015 3150 1121 3206 factum
1143 3159 1227 3208 esta
1243 3151 1308 3208 171.
1340 3149 1375 3206 In
1392 3147 1504 3222 Triope

302 3234 395 3310 igitur
415 3239 470 3296 etsi
491 3239 643 3315 aliquanto
664 3253 731 3316 post
750 3241 884 3320 Regillus
904 3243 1014 3301 obitum
1034 3253 1130 3300 minen
1150 3253 1216 3300 ante
1236 3264 1262 3302 a
1278 3245 1328 3301 171
1360 3241 1505 3299 constituto

301 3326 458 3387 Faustinae
472 3333 586 3404 minori,
612 3353 686 3408 quae
706 3353 731 3392 a
750 3337 804 3393 116
820 3337 882 3394 vita
895 3337 1025 3408 decessit,
1045 3355 1104 3394 non
1118 3343 1276 3413 potuerunt
1288 3337 1378 3394 divini
1392 3338 1504 3393 honores

303 3420 418 3494 haberi;
438 3424 568 3498 sequitur
582 3427 753 3486 Faustinam
774 3431 913 3488 maiorem
934 3431 1155 3507 intellegendam
1170 3449 1233 3488 esse
1245 3449 1312 3488 oum
1326 3429 1463 3486 Arnaldo.
1481 3457 1503 3468 ·

306 3514 341 3569 10
361 3517 503 3574 sententia
521 3517 568 3575 hio
588 3531 705 3596 coepta,
731 3542 800 3580 mox
820 3523 878 3582 alio
899 3525 1029 3600 digressa
1048 3543 1076 3579 v.
1094 3524 1203 3600 l9sqq.
1224 3522 1332 3602 duplici
1358 3525 1437 3582 exitu
1459 3519 1503 3576 ab·

304 3605 426 3664 solvitur
446 3609 607 3668 1οσεοὶαῶ
633 3618 657 3670 ei
682 3617 785 3674 doloris
811 3620 924 3691 contipit
948 3629 978 3674 ut
998 3619 1104 3692 Itapa'ter
1127 3619 1286 3691 defunctam
1313 3619 1353 3674 ad
1377 3617 1503 3673 beatorum

304 3701 378 3756 aedes
393 3703 568 3774 perduceret,
592 3705 698 3763 Caesar
711 3708 787 3765 loeta
805 3715 898 3785 patruit
917 3711 1012 3770 emilis
1026 3712 1118 3784 filium
1137 3715 1234 3769 eximio
1254 3711 1356 3768 horon
1375 3709 1502 3782 adficeret.

305 3823 340 3833 -
365 3793 399 3849 17
415 3799 585 3868 priusquam
609 3806 748 3857 serenatis
768 3804 840 3876 fines
863 3807 1021 3877 uttiuqarat3
1051 3811 1129 3862 recte
1154 3803 1297 3863 Martialis
1323 3805 1414 3862 heom
1438 3801 1502 3857 colos
1561 3813 1562 3868 j

304 3883 453 3942 mesum
473 3887 534 3962 (IX
558 3890 615 3964 13).
636 3925 671 3934 -
698 3897 730 3952 19
745 3895 783 3952 ad
802 3891 903 3976 ε’πίηρον
923 3897 1116 3975 supplendum
1134 3899 1320 3975 participium
1341 3895 1418 3953 velut
1441 3881 1501 3958 iuis

304 3985 335 4033 ut
355 3977 393 4034 sit
412 3977 486 4036 idem
507 4000 542 4038 ao
561 3977 752 4062 χαρισάμενος.
774 4021 804 4032 -
832 3989 917 4048 tout.
937 3988 973 4048 ad
993 4010 1021 4046 v.
1036 3991 1061 4050 6.
1083 4024 1121 4034 -
1142 3991 1179 4049 03
1193 3991 1293 4048 lunula
1310 3995 1341 4047 io
1362 3991 1435 4048 calet
1454 3985 1502 4044 ml·

305 4075 439 4128 coamenti
458 4075 585 4147 adposita
607 4077 707 4152 (schol.
732 4083 837 4158 luceru.)
858 4094 920 4140 erat
931 4083 1045 4159 patricii
1059 4085 1237 4143 senatorisve
1250 4085 1371 4161 insigne,
1392 4083 1428 4141 of.
1441 4078 1501 4138 Phi·

304 4161 386 4222 lostr‚
402 4169 450 4224 vt't.
467 4165 571 4224 Herod.
582 4188 612 4245 p.
624 4169 679 4227 555
695 4169 850 4256 ἐπισφύρων
869 4167 1037 4255 &leddarum
1052 4174 1195 4254 μηνοειδές.
1223 4177 1268 4236 Gi.
1280 4175 1338 4236 Th.
1354 4177 1501 4236 Mommsen
1560 4169 1561 4178 ¹

303 4257 397 4318 Boem-
411 4260 531 4322 Forat.
551 4263 574 4338 1,
595 4264 645 4338 qui
667 4270 832 4328 mesenus
852 4271 1038 4330 messene
1058 4271 1182 4329 ulmus
1201 4271 1330 4330 lunulam
1350 4275 1500 4348 meam
