3190 4946
317 373 378 443 352
731 375 930 448 Epigrammata
948 377 1115 436 dodieatoria.

317 542 395 605 856.
434 545 580 605 Atalante.
622 545 811 607 Waobsmuth
830 547 905 609 Mae.
925 549 979 610 th.
1000 549 1120 612 XXVII
1140 549 1206 615 614.

436 663 552 760 Ἀρχία
575 669 648 751 vibo
669 667 717 740 ὅδ’
741 667 806 740 ἔστ’
825 667 1045 763 Ἀλκαίνετος,
1068 666 1108 754 ὃς
1129 675 1206 765 δορὶ
1229 677 1358 766 σιόζ[ων

541 774 703 860 πατρίδος
726 765 913 862 ἀκρόπολιν
933 773 1024 863 τέρμ’
1047 772 1164 861 ἔλαβεν
1185 773 1314 860 βιότου.

396 911 509 973 Aebutia
529 911 738 972 msoedonioae.

316 1253 390 1318 857.
430 1257 518 1318 Lindi
538 1257 720 1320 Rhodiorum
739 1259 770 1318 in
789 1278 863 1320 aree
903 1261 983 1322 Rosa
1004 1262 1088 1322 Arai.
1111 1263 1194 1338 Ausa.
1214 1263 1247 1322 11
1267 1263 1334 1325 609.

465 1379 699 1471 Ἀιτιπότροιο
721 1380 876 1474 δόχατρα
896 1385 972 1475 νέην
993 1382 1042 1454 ἔτι
1064 1386 1307 1476 Καλλικλεία[ν

550 1480 679 1561 Λίνδος
701 1477 880 1552 ἀνίστασαν
902 1483 1115 1574 πρισβυτότα
1138 1487 1276 1569 πολίων,

466 1581 604 1672 μάμμης
625 1579 788 1668 ἠυκόμοιο
810 1587 1010 1676 χαριζομένη
1033 1587 1234 1678 χιράι[σσιν,

551 1681 575 1774 ἥ
597 1710 680 1754 ποτε
703 1687 760 1753 καί
780 1691 903 1777 χρυσῆν
925 1686 1037 1785 Ιεἰκόνα
1061 1692 1146 1778 θῆκε
1170 1687 1310 1779 ΚόρηῘς.

393 1825 540 1886 brorum.
556 1869 563 1885 .
582 1865 589 1882 .
606 1824 700 1902 suppl.
717 1825 804 1886 Roas.
832 1826 924 1886 Anias
947 1837 1063 1903 ασσιμιιι
1090 1827 1218 1903 benefitia
1237 1832 1372 1905 reserem,
1394 1851 1462 1910 quae
1478 1835 1514 1887 ιὐ-

315 1931 355 1979 ιιν
375 1921 434 1977 alia
458 1922 537 1977 αιάιο
554 1919 742 1995 Proserpinae
763 1924 921 1980 inauratam
940 1925 1086 2000 imaginun
1106 1923 1258 1981 dicaverat.
1289 1922 1413 1984 Videtur
1431 1933 1515 1984 autem

316 2016 397 2084 avia,
423 2030 510 2089 quam
534 2011 606 2070 nihil
630 2019 676 2072 est
700 2031 751 2072 our
775 2015 856 2074 senio
880 2013 1041 2074 consectam
1064 2014 1237 2093 cogitemus,
1266 2035 1326 2075 non
1353 2019 1415 2078 sine
1439 2035 1516 2078 ouum

316 2097 437 2186 ἠόκιμις
457 2106 601 2185 adpellari
632 2139 667 2151 —
689 2109 708 2166 4
727 2099 804 2189 κόρης
824 2107 912 2184 Rosa,
927 2097 1013 2188 Κόρης
1033 2107 1103 2168 Keil
1123 2127 1170 2186 ap.
1191 2109 1275 2172 Roas
1296 2111 1314 2169 t
1335 2131 1358 2172 ι.
1378 2132 1402 2172 ι.

820 2271 1021 2284 u—

317 2421 393 2486 858.
433 2421 529 2504 Prope
547 2373 687 2487 Miletum.
728 2423 775 2484 Ex
795 2423 960 2486 Ghondlero
980 2423 1014 2486 0.
1035 2422 1058 2486 Ι.
1080 2425 1165 2487 2884.

442 2545 625 2635 Εὐσεβέσιν
647 2545 793 2638 κλήροις,
815 2548 1015 2627 Ποσιδῶνιι,
1039 2549 1110 2639 τρίς
1133 2574 1170 2619 ae
1193 2550 1336 2636 λαχόντα

531 2652 724 2739 δ[έρ]κομαι
747 2648 781 2717 ἐν
803 2647 968 2733 Διδύμοις
991 2652 1175 2735 στέμμασιν
1196 2647 1382 2734 ἀθανάτοις

439 2756 530 2818 τοῖον
553 2743 590 2818 ὃν
608 2747 782 2819 Ἀπόλλων
804 2773 842 2818 σε
864 2748 1042 2842 προφήτην
1063 2748 1232 2844 ήσπόσατ’
1260 2751 1362 2835 αὐτός

531 2852 645 2940 λῆμμα
668 2852 777 2939 κρίσιν
793 2850 920 2940 μητρός
940 2857 968 2920 τ’
992 2849 1145 2944 εὐστβίρν
1167 2851 1317 2936 δικάσας.

378 2958 398 3022 5
442 2941 481 3018 οὗ
504 2951 602 3032 κλέος
623 2947 693 3019 οὐδ’
717 2950 799 3021 uideo
821 2951 1028 3042 ἐπιλήσεται·
1053 2947 1156 3045 όνδρα
1179 2957 1241 3046 γὰρ
1258 2951 1375 3048 οί[δ]εν

528 3056 594 3119 τῶν
616 3055 695 3150 πρίν
717 3057 916 3143 λειτουργῶν
938 3051 1049 3124 οὗδινί
1071 3057 1277 3142 λειπόμενον.

391 3220 521 3280 Litterae
540 3218 683 3297 vulgares.
704 3251 741 3264 -
761 3217 926 3297 Prophetae
950 3221 1141 3281 saoerdotinm
1164 3222 1311 3300 publicum
1335 3224 1365 3282 in
1391 3221 1517 3304 plurimis

315 3316 416 3378 loniae
435 3315 562 3390 urbibus,
586 3314 714 3374 maxime
733 3313 765 3372 in
783 3311 1015 3373 Branchidarum
1035 3314 1104 3388 luit3
1131 3325 1208 3376 sorte
1228 3320 1384 3395 quotannis
1404 3322 1517 3400 prophe·

313 3419 361 3473 tae
394 3411 576 3490 eligebantur
607 3419 640 3469 ut
668 3407 805 3486 eponymi
834 3408 1022 3487 magistratus
1047 3409 1109 3468 loeo
1135 3419 1244 3485 essent,
1274 3412 1312 3494 oi.¹
1336 3413 1459 3475 Boeekh
1485 3411 1516 3472 od

314 3508 346 3568 C.
367 3507 386 3568 l.
409 3504 486 3566 2880
505 3505 691 3564 sortiebantur
712 3513 819 3562 tantam
844 3503 1056 3580 equabatur
1080 3513 1140 3563 erat
1167 3507 1347 3582 capessendae
1361 3511 1517 3588 popleta

313 3605 395 3662 certis
409 3601 532 3677 familiis
547 3597 1033 3677 proprium.—2n1.x0unroorr.
1053 3597 1179 3664 Boeekh.
1207 3597 1350 3676 Loquitur
1363 3612 1414 3662 aut
1432 3623 1516 3683 popu·

312 3696 358 3754 lus
383 3702 435 3755 aut
458 3701 552 3754 mater
577 3693 616 3770 (v.
632 3694 673 3770 t).
694 3723 732 3736 -
751 3694 771 3751 4
791 3691 949 3771 explicatio
974 3691 1116 3769 inpedita
1162 3691 1223 3752 Vix
1247 3701 1325 3754 reete
1350 3695 1472 3756 Boeekh
1494 3702 1518 3753 et

313 3788 448 3847 Welelrer
468 3787 539 3865 Syll.
559 3805 588 3864 p.
604 3785 659 3846 293
681 3785 845 3846 Iaeobsium
867 3784 955 3846 seouti
976 3787 1079 3865 λῆμμι
1098 3805 1152 3864 pro
1172 3787 1251 3868 λῆμα
1276 3789 1404 3865 positum
1422 3797 1517 3871 putant

306 3882 366 3944 boe
385 3883 503 3960 quidem
523 3898 623 3940 sensu:
644 3879 772 3940 iudicans
791 3881 829 3958 (et
848 3881 950 3940 iudicio
969 3882 1143 3958 approbans)
1162 3883 1282 3940 indolem
1303 3893 1387 3958 taam,
1404 3890 1516 3962 μναιίυ·

312 3981 415 4038 dinam
435 3979 469 4036 δι
495 3986 519 4034 τι
539 3973 624 4034 ίαιυοι
642 3977 793 4052 mariaque
812 3979 950 4051 patarea
986 3975 1059 4034 Mihi
1084 3963 1198 4045 δοιίζειν
1217 3977 1295 4036 idem
1311 3977 1426 4039 videtin
1447 3973 1516 4059 quod

310 4069 415 4155 spirea,
439 4072 544 4150 λῆμμα
568 4070 598 4129 id
625 4081 669 4129 est
693 4069 772 4146 quod
792 4069 858 4146 quis
878 4069 954 4128 dono
980 4068 1092 4147 resipis
1114 4063 1196 4150 κρίσις
1222 4070 1338 4146 eleetio,
1364 4092 1441 4149 quae
1465 4091 1517 4136 non

310 4187 381 4228 easu
400 4166 452 4228 sed
470 4165 575 4224 iudicio
595 4163 699 4224 nititur
705 4185 713 4236 ς
742 4164 929 4240 interpretor:
962 4173 1003 4222 ter
1024 4174 1048 4223 te
1066 4175 1154 4224 σοιιοι
1172 4167 1303 4225 salutauit
1324 4167 1462 4245 Phoebus,
1484 4179 1517 4228 ter

310 4271 411 4326 sortem
430 4263 567 4322 ιλιαδσιιίι
587 4260 647 4320 loeo
667 4257 778 4333 λαδιιιι,
798 4257 817 4316 i.
838 4275 862 4316 e.
884 4257 987 4316 donum
1007 4259 1084 4332 qaod
1102 4263 1186 4319 sortia
1207 4260 1335 4336 beneficio
1354 4275 1474 4323 οαοσιαι
1494 4279 1516 4322 a

308 4357 471 4438 adprobant
493 4367 633 4435 ταοιρασιο
653 4353 805 4430 ιλμαιτὶυυι
824 4351 968 4428 ladislao,
993 4372 1044 4412 οιι
1068 4358 1158 4438 πίτυι
1184 4359 1282 4415 reatris
1306 4367 1380 4428 tuas
1394 4363 1517 4438 pietatus
1583 4403 1584 4410 ,
