3190 4946
299 379 365 452 320
723 375 919 448 Epigrammata
934 375 1099 430 dodicatmia

302 547 382 608 790.
413 548 449 608 Iu
470 547 597 698 Asehm
616 547 691 619 mco,
711 542 796 623 quii
818 535 896 604 arira
912 535 1023 624 Ἀχαία
1043 554 1170 618 vocatur,
1192 544 1298 604 veteris
1312 543 1424 622 Dymae
1441 540 1511 600 loco.

302 640 457 718 Raugabes
502 641 567 701 218.

431 767 556 853 Χαῖρέ]
580 790 650 849 μοι,
674 764 862 853 κά(λ)λιστε
884 763 994 828 καλῶν
1015 758 1144 852 ἠιθέων
1167 763 1394 851 Πολύστρατε,

433 861 594 955 ἀλκίμ]ωι
616 864 763 950 μάλιστα
787 864 918 930 πάντων
937 857 1098 949 Ἡρακλεῖ
1119 865 1277 950 certative,

432 959 469 1045 ὃς
490 964 612 1052 πάλαι]
635 965 742 1052 δάμης
766 961 820 1030 ὑπ’
844 960 966 1051 αἰχμῆς
989 961 1137 1052 cooptat
1160 965 1360 1040 Μολινιόἅν,

429 1066 566 1155 πυκνὸν]
585 1061 755 1156 Ἀλκείόηι
778 1064 949 1152 κορύσσων
971 1059 1118 1146 οὐλαμὸν
1139 1062 1367 1151 παραστάτης,

430 1165 523 1255 ἔγχος
545 1165 680 1256 ὀῇύνας
702 1163 857 1254 σιδήρω[ι
881 1165 934 1252 τ]ὸ
956 1167 1035 1253 πρὶν
1056 1163 1295 1247 ἐστομωμένον.

431 1265 503 1335 dlt’
528 1265 701 1356 ἔθνῃσκες·
725 1267 761 1332 ἐκ
785 1269 828 1354 δ’]
852 1259 903 1354 ἄρ’
928 1259 1037 1332 ὅσσων
1060 1260 1101 1331 οὐ
1124 1266 1233 1353 πάρος
1255 1267 1457 1348 δεδευμένων

429 1366 590 1458 Ἡρακλεῖ
613 1370 777 1455 κατῆλ]θε
800 1367 905 1456 δάκρυ
929 1369 984 1434 καί
1008 1368 1130 1456 poppis
1150 1365 1252 1448 ἴαχεν,

430 1471 575 1555 χαλκέωι
596 1468 713 1558 χαίτην
736 1471 764 1536 d’
787 1463 970 1556 dnthnov
992 1468 1149 1548 ἐσκὺθιξε
1172 1468 1348 1553 φασγάνωι

380 1713 490 1774 Lucem
520 1709 604 1768 titulo
634 1709 783 1789 adspergit
807 1709 972 1768 Pausanias
997 1707 1055 1766 vll
1080 1709 1125 1782 17,
1149 1709 1166 1768 8
1200 1697 1288 1780 ὀλίγον
1323 1701 1353 1765 dl
1387 1695 1435 1785 πρί
1470 1707 1520 1764 τοῦ

307 1799 400 1870 ίίστεω
394 1796 488 1875 ςέστι
508 1829 563 1865 των
576 1797 742 1884 Δυμαίων’
731 1825 757 1862 εν
777 1799 806 1862 db
790 1802 906 1884 ἓξωῒ
871 1826 919 1878 της
939 1798 1004 1862 idai
1023 1793 1113 1881 ταῲος
1132 1788 1317 1883 Σωστροίτου·
1338 1789 1521 1880 μειροίκονίέ

308 1930 337 1980 ην
355 1908 410 1963 τῶν
431 1893 592 2014 ἐπιχωρίων,
616 1897 747 1974 ’γενέσθαι
771 1893 799 1956 dl
818 1895 1019 1978 ιἨρακλίους
1008 1885 1139 1979 ερσίμενίν
1158 1902 1243 1976 φασιν
1262 1883 1356 1968 αυτίν,
1377 1887 1433 1970 καί,
1454 1891 1519 1953 ciat·

308 1996 398 2059 θανεῒν
416 1985 471 2075 χίρ
495 1984 541 2054 τίν
565 1981 734 2074 Σοίστρατω
751 1989 922 2072 Ηρακλέους
947 1983 1025 2052 ln*
1010 2015 1082 2062 οντος
1108 1981 1184 2071 μετὰ
1208 1983 1300 2071 ίνθρω
1301 2011 1366 2065 πων,
1392 2012 1480 2058 ουτως
1501 1988 1522 2049 ci

308 2081 353 2152 τίν
369 2079 560 2171 Hpaaltla'
527 2109 556 2148 rc
578 2110 610 2147 τε
629 2089 728 2168 μνῆμα
748 2076 832 2148 auris
852 2083 915 2148 εἶναι
934 2077 980 2147 τίν
1003 2074 1152 2161 παίσαντα
1176 2077 1223 2146 καὶ
1243 2073 1374 2196 ίπαρχας
1395 2073 1447 2142 tel
1469 2086 1522 2144 ruis

309 2185 335 2246 ἐν
361 2208 392 2278 οη
380 2183 528 2298 *κεφαλῇ
554 2202 652 2261 τριχων
672 2176 770 2242 bavae
810 2173 935 2261 ἐπίθημα
961 2177 990 2240 di
1013 2173 1060 2239 καί
1081 2177 1116 2250 εἶς
1143 2178 1194 2262 ἐμὲ
1214 2177 1252 2240 brt
1272 2165 1359 2294 cgq'bq
1379 2201 1411 2238 τε
1429 2170 1460 2254 ἦν
1482 2171 1522 2236 ἔπι

308 2282 359 2340 τοῦ
382 2266 517 2359 χωματος
543 2267 589 2336 καί
611 2274 751 2357 Ἤρακλης
775 2274 993 2356 ἐπειργασμένος.
1034 2271 1143 2348 ἐλέγετο
1169 2271 1237 2334 ll
1217 2297 1254 2344 ως
1280 2273 1302 2334 oi
1323 2260 1456 2353 ἒπιχωριω
1477 2295 1523 2331 και

310 2367 461 2450 ἐναγίζουσι
480 2393 519 2452 rq
505 2365 708 2452 Σωστρίτῳ.
735 2369 818 2429 Haeo
838 2369 908 2430 adeo
928 2389 992 2430 oum
1013 2368 1097 2429 titulo
1116 2371 1280 2429 consentire
1292 2367 1375 2426 vides
1394 2377 1427 2426 ut
1448 2385 1524 2444 quaa

309 2469 472 2546 discrepent
495 2473 547 2527 aut
566 2465 729 2525 Pausaniae
754 2465 864 2524 tribuas
890 2463 979 2523 errori
1005 2474 1056 2522 aut
1075 2481 1174 2522 eornm
1199 2465 1342 2540 aquibus
1363 2459 1415 2520 ille
1434 2461 1524 2519 faudo

309 2573 427 2641 accepta
439 2560 561 2621 rettulit.
588 2559 692 2637 Neque
705 2558 782 2619 enim
803 2560 830 2618 is
851 2566 895 2618 eat
914 2557 1038 2634 scriptor
1050 2575 1135 2636 quem
1158 2558 1342 2633 Polystratum
1364 2565 1393 2614 et
1411 2554 1526 2615 Soatra·

310 2669 365 2718 turs
396 2657 514 2716 nomina
542 2656 617 2714 inter
642 2673 674 2715 se
698 2653 861 2712 confudisse
886 2650 1053 2710 incredibile
1072 2650 1119 2725 sit,
1144 2671 1209 2710 cum
1227 2651 1401 2729 praesertim
1420 2651 1521 2726 paullo

310 2753 427 2828 post(c.
448 2750 492 2822 17,
506 2749 554 2825 14)
582 2748 617 2806 de
638 2745 949 2809 SostratoPellenensi
968 2743 1163 2822 olympionice
1182 2747 1358 2805 narrandum
1379 2745 1475 2820 fuerit,
1495 2757 1523 2803 et

310 2843 473 2922 Dymaeos,
493 2861 614 2919 quorum
635 2841 703 2900 urbs
724 2841 813 2900 variis
832 2847 996 2917 temporum
1011 2839 1262 2900 vicissitudinibus
1274 2847 1344 2918 post
1356 2842 1522 2918 Augustum

309 2939 340 2995 in
360 2935 458 3013 oppidi
479 2935 570 2994 viciae
589 2933 777 3012 exiguitatem
796 2935 914 2994 redacta
933 2939 1004 3007 erat,
1026 2935 1155 3010 seipsos
1170 2934 1442 3011 quidemsatisiam
1458 2954 1522 2993 rem

310 3029 491 3106 exploratam
510 3028 647 3087 habuisse
666 3027 758 3088 facilis
777 3039 821 3088 est
840 3028 979 3106 suspicio:
1008 3025 1082 3086 illud
1106 3035 1182 3087 certe
1206 3047 1262 3087 non
1283 3029 1394 3089 videtur
1418 3047 1437 3086 a
1457 3028 1522 3105 Dy-

310 3109 575 3202 maeisoonperisse
584 3120 746 3182 Pausanias
756 3121 955 3200 Polystratum
964 3123 994 3182 in
1005 3121 1212 3182 Molinidarum
1220 3140 1318 3199 pugna
1327 3123 1523 3182 cecidisse.-

310 3219 441 3280 Litterae
466 3235 531 3278 oum
554 3217 757 3277 macedonicae
781 3235 869 3294 quarn
890 3225 996 3274 vocant
1020 3216 1124 3275 aetatis
1148 3215 1221 3290 sint,
1246 3227 1313 3275 ante
1337 3237 1444 3276 aunum
1465 3217 1523 3275 208

310 3315 436 3392 scriptus
456 3313 558 3372 titulus
578 3313 700 3387 videtur,
721 3331 778 3388 quo
799 3311 913 3387 quidem
935 3329 1012 3370 anno
1031 3311 1101 3368 urbs
1122 3311 1207 3368 fidem
1227 3310 1365 3388 Philippo
1384 3310 1446 3388 regi
1462 3331 1522 3371 ser·

310 3415 408 3470 vatam
427 3407 623 3468 Romanorum
649 3406 759 3466 excidio
780 3405 889 3476 luebat,
917 3405 959 3464 eis
979 3410 1074 3463 autem
1096 3423 1169 3481 quae
1188 3405 1320 3482 proxime
1346 3406 1523 3464 antecedunt

307 3503 486 3582 temporibus
506 3501 615 3562 crebris
634 3501 774 3561 Eleorum
788 3498 1015 3575 Aetolorumque
1038 3499 1250 3558 incursionibus
1269 3500 1441 3576 petebantur
1456 3499 1522 3577 Dy-

307 3597 383 3656 maei
402 3597 566 3673 frustraque
585 3600 709 3666 Aratum
729 3591 839 3652 auxilio
859 3594 1013 3669 vocabant,
1034 3594 1124 3653 donec
1144 3612 1170 3652 a
1182 3593 1238 3651 219
1252 3611 1318 3651 cum
1331 3593 1398 3652 Elei
1412 3591 1523 3653 Teioho

308 3689 428 3749 castello
452 3707 545 3767 prope
563 3688 679 3766 Dyman
700 3689 756 3748 sito
776 3695 864 3765 capto
884 3689 940 3747 iam
961 3690 1016 3767 ipsi
1038 3689 1101 3747 urbi
1126 3688 1307 3748 obsidionem
1331 3687 1523 3760 minarentur,

310 3784 554 3842 mercenariorum
574 3801 661 3841 manu
682 3789 783 3842 coacta
801 3780 938 3860 Philippo
951 3803 1018 3860 rege
1037 3781 1146 3841 auxilio
1166 3785 1299 3842 veniente
1337 3781 1436 3841 hostes
1456 3782 1522 3840 feli·

308 3877 377 3936 citer
401 3878 573 3954 fugaverunt
597 3894 738 3952 agrosque
763 3895 863 3935 eorum
886 3877 1008 3954 ingressi
1038 3884 1234 3936 vastaverunt.
1280 3875 1365 3935 Hanc
1394 3875 1522 3935 sortasse

311 3971 465 4030 victoriam
490 3968 653 4046 Polystrati
672 3989 777 4047 operae
796 3969 962 4029 tribuebant
981 3971 1030 4048 qui
1052 3983 1083 4029 ut
1103 3972 1173 4032 olim
1193 3970 1329 4030 Herculis
1349 3971 1392 4028 ita
1411 3969 1522 4028 civium

308 4072 370 4124 tum
392 4051 571 4146 παρασταίης
591 4065 736 4124 extitisset
743 4086 751 4136 3
781 4065 893 4142 gratias
911 4075 1007 4124 autem
1027 4065 1183 4126 reserentes
1203 4065 1283 4124 heroi
1303 4073 1522 4124 veteresreno-

308 4161 417 4219 rabant
439 4161 562 4218 honores
586 4159 778 4234 restitutoque
801 4159 908 4219 sacello
933 4159 980 4217 diu
1005 4159 1136 4237 neglecto
1166 4157 1280 4218 titulum
1311 4157 1523 4234 inscripserunt

307 4253 338 4311 iu
358 4254 400 4311 rei
421 4255 493 4312 bene
513 4259 611 4330 gestae
631 4253 815 4325 memoriam
835 4272 919 4329 quem
940 4253 995 4314 etsi
1015 4254 1133 4313 mutilus
1151 4253 1188 4312 ad
1201 4269 1255 4312 nos
1268 4252 1400 4329 pervenit
1412 4251 1522 4326 (multo

309 4348 384 4408 euim
407 4349 520 4408 videtur
540 4346 665 4424 amplior
683 4346 798 4424 fuisse),
818 4347 887 4406 boni
906 4353 1003 4405 tamen
1025 4353 1127 4424 poetae
1148 4363 1213 4404 esse
1227 4346 1356 4422 adparet,
1377 4351 1522 4423 tantaque
