3152 4922
517 406 551 461 11.
575 405 713 460 hominum
731 405 852 460 honores.
1230 401 1291 472 373

73 565 157 654 τεμῆν
176 575 252 634 idern
279 593 345 634 esse
371 585 457 650 atque
483 563 571 634 siuo'vo
601 582 708 635 norunt
737 595 850 650 omnes,
880 577 914 634 cl.
942 566 1022 654 τιμῆν
1053 575 1206 651 ἀναστῆσον
1235 575 1296 644 aliu¹

70 669 193 744 Ερλεον.
215 675 301 746 ορὶρν.
323 671 371 730 lat.
393 670 422 728 11
446 669 489 728 12.

68 950 153 1012 905.
195 949 336 1028 Gortyna.
365 951 396 1012 C.
418 951 440 1011 1.
462 952 537 1010 2589
558 971 594 1009 ex
614 950 726 1009 schedis
740 950 944 1026 Pigafettianie
964 951 1043 1026 apud
1066 909 1234 1024 Gruterum,
1255 972 1292 1012 cx

71 1047 205 1106 Cornelii
227 1047 302 1105 libro
325 1046 408 1106 Creta
428 1067 523 1120 sucro,
544 1047 594 1122 qui
613 1045 699 1122 petiit
719 1063 755 1102 ex
776 1044 874 1102 codice
894 1043 1036 1104 Vaticano
1059 1043 1143 1119 1759,
1168 1046 1291 1123 denique

65 1162 107 1199 cx
131 1140 285 1200 Pococlrio.

197 1261 373 1353 Ἑσπερίης
394 1261 506 1352 πάσης
525 1265 649 1346 χθονὸς
670 1257 810 1348 ὄβριμον
833 1261 1007 1354 ἰθυντῆρα,

276 1370 514 1450 Μαρκελλῖνον
536 1361 649 1452 ἄθρει,
674 1366 899 1454 θαρραλὲ[ο]ν
922 1369 1052 1454 ταμίην,

198 1463 355 1548 Ἑλλάδος
378 1464 502 1554 ἀγλαὸν
524 1464 627 1555 ἔρνος,
652 1460 689 1544 ὃς
711 1461 840 1554 εὐδικίῃ
863 1467 919 1534 καὶ
944 1463 1057 1556 ἀρωγῇ

276 1571 443 1654 κουφίζων
466 1565 588 1647 πόλιας
611 1572 717 1656 θῆκεν
739 1568 980 1657 ἐλαφροτέρας·

140 1677 158 1738 5
208 1663 346 1736 cotvrno
371 1672 427 1736 καὶ
451 1666 661 1756 προθίροισε
681 1673 789 1759 Δίκης
812 1667 1023 1758 ἕπεμάρτορα
1045 1676 1183 1754 θεσμῶν

273 1772 399 1859 βουλῆς
422 1771 479 1836 καὶ
508 1767 642 1859 Πύρρον
664 1777 784 1858 στῆσεν
807 1767 1013 1858 ἑτρρμοοεῖνη.

152 1927 291 1988 Graviter
310 1927 488 2004 interpolata
502 1935 571 1988 sunt
584 1926 780 2006 Pigalettiana
793 1937 821 1986 et
837 1925 1021 2002 Corneliana,
1041 1929 1200 2008 integriora
1213 1949 1289 2005 quae

66 2025 99 2082 in
129 2023 261 2099 margine
286 2021 438 2081 Cornelius
463 2023 550 2080 habet
576 2041 707 2098 quaeque
730 2021 865 2081 Pooocke
891 2022 1027 2095 tradidit3
1057 2024 1156 2082 omnia
1182 2031 1215 2082 ut
1243 2041 1290 2084 res

66 2117 268 2194 perspiciatur
287 2118 418 2176 enotabo.
440 2151 477 2160 -
500 2120 512 2173 l
537 2115 607 2174 Poe.
628 2130 837 2176 moesiorum
858 2159 980 2176 .....
996 2133 1289 2194 oestuourorur...,

67 2211 178 2287 reliqui
198 2231 274 2287 quae
293 2211 387 2288 posui.
410 2244 446 2254 -
461 2210 478 2268 λ
492 2198 686 2289 Μοῖρκελλονῖ
709 2199 816 2287 θρασεῖς
838 2200 937 2289 paripate
958 2198 1039 2290 με’ρος
1059 2207 1160 2292 τκμῖην
1181 2213 1290 2274 Gruter

66 2307 239 2384 eademque,
265 2305 323 2366 nisi
343 2307 420 2382 quod
439 2303 625 2384 Μαρκελλῖνον
644 2305 741 2378 habet,
763 2303 916 2362 Cornelius
937 2306 967 2364 in
987 2312 1084 2381 textu,
1109 2309 1140 2366 in
1159 2309 1291 2385 margine

66 2399 257 2479 Μαρκελλῖνον
282 2389 359 2480 οῖθρεν
383 2399 542 2479 tappetia
565 2397 674 2480 ταμίην.
714 2397 846 2456 Pocooke
872 2398 1057 2473 Μαρκελλῖνον
1082 2401 1138 2480 θρον
1158 2445 1165 2459 .
1186 2443 1193 2458 .
1215 2401 1290 2460 unde

68 2495 198 2555 dubitari
222 2502 322 2572 potest
347 2493 409 2576 ὁρᾷς
435 2494 618 2554 scribendum
644 2494 682 2552 sit
706 2511 743 2552 an
769 2513 835 2552 oum
855 2494 1002 2553 Boeclrhio
1028 2481 1114 2574 θ’θρει.
1154 2494 1289 2554 Alterum

68 2589 199 2665 praetuli
226 2597 347 2667 propter
377 2589 554 2665 insequentis
584 2589 662 2647 tituli
693 2608 720 2649 v.
737 2590 762 2646 1.
787 2621 824 2631 -
851 2587 965 2646 Deinde
996 2587 1066 2668 θορρ
1068 2589 1147 2648 altor
1177 2573 1288 2666 scripsi,

70 2683 235 2763 θαρραλέως
262 2683 446 2743 Boeolrh.—
476 2684 492 2741 3
520 2674 636 2796 εὐδοκίην
659 2669 815 2741 Κοκλοῖθων
844 2683 894 2755 γῆς
927 2680 1037 2741 Gruter
1067 2693 1096 2741 et
1126 2681 1290 2756 Cornelius,

68 2776 147 2836 alter
172 2789 267 2837 tamen
292 2779 324 2837 in
345 2779 477 2854 margine
502 2769 548 2834 κκὶ
568 2773 676 2868 λρωηη,
702 2775 835 2835 Pococlre
860 2793 1139 2838 eruturuwsrnr..
1154 2810 1191 2822 —
1210 2779 1230 2864 4
1250 2793 1289 2835 es

69 2915 76 2927 .
99 2915 106 2929 .
131 2917 138 2930 .
161 2914 168 2928 .
189 2871 258 2933 Poo
281 2893 335 2950 pro
361 2873 455 2946 θῆκεν,
480 2871 613 2946 idemque
632 2889 660 2927 v.
675 2871 693 2928 5
714 2887 821 2930 nroe.
844 2891 925 2949 .pro
951 2863 1171 2990 προθῆροιτκ-
1193 2871 1288 2932 otna-

68 2987 206 3048 μοιρτυριρ
226 2968 388 3040 Comedus,
408 2975 566 3024 correctum
591 2964 621 3022 in
646 2965 841 3043 margine.-
862 2957 988 3044 θβουλῆ
1014 2960 1061 3028 κοῖ
1081 2959 1143 3047 Πύρ
1144 2988 1186 3047 ρον
1206 2967 1289 3043 θῆκεν

68 3061 190 3135 Gruter,
211 3061 313 3138 βουλῆς
332 3053 451 3139 κοίπυρος
473 3063 557 3134 στῆτε
577 3058 603 3116 ἐν
627 3058 824 3132 Cornelius‚'
817 3081 847 3118 rn
871 3063 1003 3140 margine
1028 3081 1098 3121 vero
1124 3052 1211 3141 βουλη
1242 3053 1289 3120 κεῖ

67 3143 183 3235 llu‘ppou
203 3157 293 3231 θῆκεν.
333 3155 463 3214 Pococke
484 3169 824 3213 oouuurrsu.rrrorrrr
846 3201 854 3213 .
877 3201 883 3215 .
905 3200 912 3214 .
934 3149 1101 3236 ἐφημοσύνη.

148 3249 287 3309 Eiusdem
312 3250 392 3308 urbis
417 3249 491 3308 alius
516 3255 562 3308 est
586 3249 688 3306 titulus
712 3248 745 3307 0.
771 3249 793 3308 l.
816 3249 892 3308 2588
917 3241 1024 3310 Ko'uror
1047 3244 1184 3310 Κκικιλνον
1205 3245 1287 3308 Ῥου-

67 3343 171 3422 petro,
197 3333 242 3404 τθν
266 3336 409 3422 κροῖτιοτον
433 3331 590 3405 tetinero
610 3331 715 3422 Κρῆτης
740 3336 787 3402 κοιλ
814 3337 933 3423 Κυρήνης
953 3337 1093 3412 Κυντθνος
1112 3331 1218 3422 Πεῖρρος
1243 3333 1288 3402 τθν

67 3430 164 3517 φίλον,
188 3439 238 3498 ubi
263 3459 328 3499 cum
352 3439 495 3517 Pyrrhum
521 3438 642 3497 eundem
667 3456 729 3496 esse
756 3447 867 3515 pateat,
899 3438 949 3514 qui
972 3437 1135 3496 Marcellini
1161 3443 1287 3495 statuam

67 3534 234 3610 ponendam
256 3535 409 3607 curaverit,
423 3533 560 3614 ¹sequitur
580 3543 732 3609 utrumque
752 3533 868 3591 titulum
882 3532 1074 3592 Constantino
1094 3531 1288 3606 antiquiorem

67 3646 150 3700 esee,
175 3628 283 3706 quippe
309 3629 359 3704 qui
384 3627 502 3687 Cretam
522 3628 712 3706 Cyrenenque
738 3627 903 3705 provincias
928 3627 965 3685 ab
984 3625 1091 3685 Rufino
1111 3626 1288 3687 coniunctim

66 3723 289 3784 administratas
314 3722 495 3799 separaverit
520 3732 549 3780 et
570 3722 693 3781 alteram
721 3721 865 3780 consulari
889 3721 1012 3780 alteram
1037 3720 1167 3796 praesidi
1197 3721 1288 3780 adtri-

67 3817 174 3876 buerit
213 3818 275 3877 Iam
301 3837 368 3878 vero
388 3816 574 3876 Marcellinus
594 3819 654 3874 ul
682 3816 785 3874 ltaliae
805 3823 961 3890 corrector,
987 3815 1049 3874 κθ
1076 3821 1211 3893 quaestor
1236 3815 1288 3874 ad·

67 3911 210 3989 pellatur,
235 3933 294 3989 quo
319 3921 440 3990 utroque
465 3930 582 3970 munere
609 3931 674 3970 cum
701 3931 757 3969 non
785 3911 877 3988 possit
903 3911 1003 3969 eodem
1022 3918 1155 3990 tempore
1174 3910 1289 3970 firuotus

69 4026 152 4079 ease,
175 4007 229 4066 hoc
253 4009 436 4066 statuendum
461 4007 586 4078 videtur,
616 4006 686 4064 olim
712 4007 795 4065 illum
821 4007 898 4085 apud
923 4006 1076 4066 Cretenses
1102 4013 1289 4084 quaestorem

68 4106 177 4178 postea
195 4103 233 4160 ad
253 4100 422 4161 correctoris
445 4101 547 4160 ltaliae
568 4102 736 4178 dignitatem
756 4109 926 4178 provectum
951 4121 1042 4178 eoque
1067 4102 1133 4179 ipso
1158 4101 1288 4178 tempore

69 4215 140 4254 cum
160 4213 264 4254 novum
283 4197 369 4255 iniret
390 4215 494 4255 munus
515 4217 533 4254 a
553 4195 707 4272 Gortyniis
728 4203 825 4256 statua
852 4196 1025 4256 honoratum
1044 4214 1116 4254 cese.
1156 4193 1240 4268 Quae
1261 4193 1287 4250 si

69 4291 170 4349 minus
187 4290 273 4365 plane
292 4297 379 4368 poeta
400 4290 510 4349 dixisse
536 4291 662 4363 videtur,
689 4297 740 4350 aut
765 4293 856 4369 ipsius
880 4291 1057 4368 inculpanda
1081 4298 1126 4347 est
1150 4286 1287 4364 inperitia

71 4395 124 4444 ant
145 4383 381 4463 interpolatorum
400 4384 480 4444 lraus
500 4385 582 4444 nobis
602 4385 720 4461 quidem
741 4406 797 4445 non
818 4385 1011 4466 deprehensa;
1034 4383 1091 4442 vid
1111 4377 1284 4440 adnotaris,
