3178 4912
310 407 372 472 324
744 402 942 472 Epigrammate
958 398 1126 453 dedicatoria.

311 575 343 634 in
367 591 425 649 quo
445 571 604 631 Philoxeni
624 569 836 649 epigrammate
856 573 961 630 mirum
981 568 1130 646 estquod,
1151 587 1216 626 cum
1237 567 1397 628 Salmasius
1416 566 1500 643 Tlepo

314 667 422 725 lemum
448 685 513 726 eum
539 666 598 726 dici
624 665 832 738 intellexisset,
858 666 906 743 qui
932 684 951 724 a
975 663 1126 722 Pausania
1150 663 1177 720 V
1199 663 1272 736 8,11
1297 662 1402 739 Lycius
1424 681 1504 740 genere

315 759 514 838 olympionice
533 760 710 833 nominatur,
735 779 819 818 nemo
852 759 1022 819 foedissimo
1049 757 1166 816 sublato
1188 757 1257 815 vitio
1277 757 1405 816 restituit
1421 752 1503 828 Τληπό-

313 856 399 935 lcec
414 846 570 935 Λιννιεῦι

314 1133 414 1193 *τοι
453 1132 581 1193 ueneno
600 1134 632 1194 in
652 1153 724 1196 aree.
765 1134 882 1211 epten.
903 1131 992 1194 eme.
1557 986 1563 1179 l

719 1287 866 1381 Ἀγαθῆι
890 1291 1009 1379 [τύχηι.

521 1493 697 1562 Δέσποινα
719 1490 870 1574 Παλλάς,
893 1492 947 1559 τοὶ
972 1490 1065 1581 [soeg
1087 1483 1109 1581 ᾗ
1133 1497 1248 1579 σοφῶν
1269 1493 1361 1575 μέλει
1562 1365 1565 1574 l

521 1589 684 1682 φρόνησις
705 1589 833 1680 ἀνδρῶν
855 1596 911 1661 καὶ
932 1591 1117 1682 λ[ιθοξόιον
1138 1595 1245 1683 τέχνη,

521 1692 568 1782 οὶ]
593 1695 814 1778 καλλιτέχνεις
838 1691 949 1783 [ἔργον
972 1685 1090 1783 ἄνδρες
1112 1691 1270 1763 &siecum

398 1970 528 2029 Litterae
548 1969 689 2026 rotundae
708 1967 1029 2029 scus—Sententiam
1050 1970 1181 2030 indicans
1195 1967 1353 2028 Buecheler
1362 1967 1512 2045 praedicari,
1565 1981 1566 2020 ι

320 2064 432 2142 inquit,
456 2063 558 2122 Pullos
578 2063 700 2135 uidetur,
723 2052 745 2154 l
762 2051 884 2143 ῲρὸνητις
909 2063 997 2142 μέλει.
1022 2098 1060 2110 -
1088 2066 1105 2122 3
1130 2066 1167 2123 ab
1192 2063 1274 2123 initio
1299 2081 1350 2122 sex
1375 2063 1513 2121 litterarum

321 2158 452 2237 spatium
472 2163 526 2232 est,
547 2156 626 2232 quod
647 2156 703 2214 nisi
723 2175 858 2216 numeros
878 2177 995 2234 peanum
1015 2160 1086 2218 dare
1105 2157 1191 2217 mulis
1211 2168 1261 2216 aut
1279 2157 1361 2216 casui
1382 2165 1430 2215 aut
1441 2151 1514 2212 errori

321 2253 439 2312 tribues.
460 2284 497 2294 —
518 2249 655 2309 Virorum
686 2252 806 2310 uomina
834 2268 900 2310 cum
931 2253 1008 2331 lapis
1038 2253 1149 2312 inieme
1178 2253 1285 2313 fractus
1310 2252 1350 2310 sit
1374 2249 1515 2324 mbsenpu

321 2347 412 2408 luisse
430 2354 562 2427 possunt.
1566 2355 1567 2426 ι

323 2651 399 2712 191.
441 2651 592 2731 Smyrnae.
631 2649 800 2711 Hirschfeld
822 2652 886 2712 Act.
906 2655 990 2714 acad.
1011 2652 1107 2715 Berol.
1134 2656 1199 2711 min.
1221 2651 1295 2710 1875
1314 2671 1344 2729 p.
1358 2651 1386 2709 9.
1407 2647 1437 2711 O.
1457 2647 1517 2706 cur·

322 2747 382 2806 tius
403 2747 502 2804 itidem
525 2745 599 2804 1876
618 2765 648 2822 p.
663 2745 728 2805 349.

476 2905 618 2990 ΣΙωτῆην
641 2897 1078 2994 dvtpoinmv210[xlprco6v‚
1102 2899 1198 2992 ἔργον
1220 2895 1403 2988 ἷὶμεμτιτον,

561 3002 631 3092 οο]ὶ
654 3007 776 3091 φρενὸς
799 3004 833 3082 ἐξ
855 3000 944 3091 ἰδίης
966 3003 1117 3093 γράμμα
1138 3003 1209 3072 τόδ’
1232 2999 1412 3092 εὑράμενος

477 3101 708 3192 Πλειστάρχου
729 3103 899 3188 Δοκιμούς
916 3099 1166 3194 Ἀσκληπιάδης
1187 3100 1367 3194 ἄνι’[θηκιν

563 3207 667 3292 πατρὶ
689 3204 794 3285 τέκος,
819 3203 932 3271 Παιὰν
954 3203 999 3283 ὡς
1020 3205 1222 3294 ἒκ[έ]λοοοεν
1244 3198 1336 3285 ι’ίναξ.

346 3313 366 3377 5
481 3303 622 3396 ἱλήκοις,
646 3299 673 3372 ὦ
700 3311 817 3391 Φοῖβε,
841 3305 900 3374 οὐν
921 3299 998 3372 cloec·
1020 3310 1069 3395 τῷ
1092 3309 1121 3373 δ’
1143 3304 1269 3394 ὑγίειαν

560 3407 684 3495 δοίηθ’,
706 3402 866 3495 ὑμετέρην
887 3401 1127 3495 ὖμνολογοῦντι
1148 3406 1254 3496 χάριν.

401 3599 425 3640 n
444 3581 505 3640 fere
524 3580 639 3640 meoul'n
661 3613 700 3624 -
723 3579 922 3655 1Ἀτκληιιιδι
943 3577 1037 3658 ἰητῆρα
1058 3579 1183 3648 Curtius,
1209 3579 1261 3656 qui
1280 3578 1338 3637 nl
1358 3581 1388 3638 in
1407 3575 1525 3658 pessimis

325 3675 515 3734 Hirschfeldii
551 3672 759 3750 supplementis
792 3675 950 3752 adquievit
982 3706 1020 3716 -
1051 3675 1068 3731 3
1099 3675 1142 3733 sic
1176 3673 1325 3752 intellego:
1362 3671 1526 3749 Asclepiades

326 3769 452 3843 Διοὶηνίι·
476 3777 596 3826 statuum
619 3772 709 3844 ipsium
731 3768 852 3826 Paeonis
878 3771 954 3828 iussu
979 3767 1089 3843 (nescio
1113 3769 1280 3846 Apollinem
1310 3769 1470 3846 intellegam
1494 3781 1525 3822 uu

327 3861 511 3936 Asclepium)
531 3862 661 3935 Apollini
686 3863 803 3923 dedicat.
850 3861 930 3922 Nam
956 3864 1046 3921 verba
1072 3855 1153 3942 πατρὶ
1178 3861 1253 3931 τέκος
1277 3864 1338 3920 nl
1358 3883 1427 3922 cave
1450 3863 1526 3919 iuter·

326 3955 450 4029 preteris
475 3955 605 4031 Asclepio
635 3958 822 4034 Asclepiades.
869 3956 992 4016 Videtur
1016 3967 1113 4016 autem
1138 3976 1190 4034 per
1215 3957 1359 4015 somnium
1389 3957 1456 4015 deus
1482 3955 1528 4010 hoc

327 4048 455 4108 iussisse.
476 4081 513 4092 —-
535 4051 607 4128 usq.
627 4051 755 4111 editores
777 4051 849 4110 nihil
869 4051 1085 4112 intellexerunt.
