3160 4910
577 465 622 524 v1.
649 463 751 536 hymni.
1210 471 1272 536 435

128 635 263 696 Exeunte
288 637 404 697 saeculo
429 653 453 695 11
477 635 524 696 rel
548 637 664 695 ineunte
689 651 722 694 ιιι
752 635 868 696 titulum
899 637 1073 716 insculptum
1102 658 1166 700 esse
1198 641 1274 700 vidit

52 729 180 803 Boeckh‚
201 750 259 808 quo
279 732 396 812 quidem
415 737 546 810 tempore
567 747 652 790 sacra
671 728 845 809 Telesphori
865 732 901 791 ad
927 732 1103 808 placandam
1137 735 1273 812 pestilen-

51 826 120 882 tiam
140 827 273 884 Athenas
293 825 435 884 trauslats
461 832 566 885 essent.
608 825 698 884 Cuius
722 825 765 884 rei
791 827 863 886 satis
887 829 1073 887 memorabile
1099 837 1187 904 atque
1213 847 1273 888 oer-

50 927 109 978 tum
131 921 299 980 obsidetur
318 919 516 978 testimonium
543 920 684 997 suggessit
709 918 784 978 mihi
804 917 957 982 Neubauer
982 941 1019 982 ex
1044 922 1155 982 duobus
1181 923 1273 982 titulis

50 1015 145 1074 atticis
170 1015 295 1090 (Philiat.
316 1011 360 1073 Ill
381 1012 438 1072 549
464 1019 493 1072 et
516 1013 632 1090 Eplen
660 1013 750 1090 3204)
777 1013 879 1074 eodem
903 1015 958 1075 illo
985 1022 1116 1094 tempore
1144 1017 1273 1094 scriptis,

50 1110 153 1186 quibus
173 1109 277 1187 ephebi
297 1126 378 1167 more
402 1126 455 1166 suo
475 1107 607 1184 publicae
626 1125 673 1166 res
694 1107 804 1166 imitati
825 1109 997 1189 Τελεσῲορον
1012 1107 1196 1186 Ἀσκληπιοῦ,
1219 1110 1273 1171 νέον

50 1195 108 1262 dede
132 1201 267 1262 sodalicii
301 1202 346 1260 sui
377 1201 539 1278 principem
568 1208 717 1280 receptum
747 1201 883 1262 referunt.
928 1205 1048 1263 Accedit
1077 1205 1125 1264 his
1154 1207 1272 1265 hermae

51 1295 148 1356 mutili
172 1295 367 1374 fragmentum
386 1295 537 1370 ineditum,
557 1297 638 1356 euius
657 1297 747 1356 verba

409 1419 640 1538 ριιιιιιιιιιιιιοιιιιιιι
652 1426 657 1502 Ι
668 1469 676 1486 .
688 1432 857 1513 ειιιιεψφεοι

50 1554 119 1612 bene
149 1553 359 1631 interpretatus
390 1551 551 1612 Neubauer
572 1595 579 1613 .
601 1597 637 1615 ..
665 1597 672 1612 .
704 1545 801 1638 ι’ῐιγείιρ
831 1546 879 1615 καί
909 1555 1005 1636 κλυτοῦ
1034 1543 1201 1638 Τείεσῲίριρ
1231 1555 1270 1616 ad

50 1649 171 1708 eandem
190 1666 251 1708 rem
272 1652 352 1706 certo
376 1645 482 1706 iudicio
502 1647 576 1707 vidit
595 1648 749 1724 periinere.

124 1743 290 1802 Exordium
316 1741 410 1801 simile
435 1739 562 1818 Podagri
586 1741 684 1800 verbis
709 1742 845 1802 baculum
875 1744 1058 1822 adloquentis
1088 1748 1118 1806 in
1143 1747 1270 1808 Luciani

54 1837 274 1958 Τσρρράοροιὶ.
277 1836 315 1896 58
329 1854 392 1913 sqq.
418 1831 516 1916 ἔγειρε,
545 1837 658 1916 τλῆμον,
688 1834 757 1910 ’γυῒοι
783 1829 896 1916 δεμνίων
921 1831 1030 1902 οίιιο..
1052 1837 1215 1901 .σιιίδασον
1246 1837 1270 1900 δ’

52 1929 95 1989 ἀπ’
120 1924 213 1991 οσσων
238 1921 327 2011 νιίχιον
354 1929 430 2012 ἀέρος
457 1922 561 2008 βοίθος,
586 1947 645 2008 quo
671 1931 774 1992 eodem
800 1951 837 1991 ex
862 1932 961 1994 libello
981 1933 1078 2012 Bergk
1098 1935 1189 2008 (Post.
1217 1937 1269 2013 lyr.

52 2024 77 2084 ll
98 2025 169 2102 575)
190 2025 330 2084 iudicarit
348 2044 376 2083 u
394 2025 449 2084 193
475 2023 692 2101 conparandum
723 2045 787 2086 oum
812 2026 914 2103 hymni
938 2046 964 2087 ν
979 2029 998 2085 4
1028 2019 1096 2088 κλιίε
1117 2032 1172 2088 σοῖν
1196 2028 1271 2110 ίερωι

52 2107 174 2199 μερίπων
193 2109 297 2189 ἐνοιιοίς.
338 2119 450 2194 Quibus
469 2119 567 2178 verbis
588 2119 674 2177 simul
699 2133 776 2180 recte
800 2118 919 2178 Boeelrh
943 2121 1098 2181 coniecisse
1121 2124 1270 2198 evincitur,

53 2214 164 2273 titulum
186 2233 244 2274 non
264 2213 300 2272 de
320 2213 436 2291 publico
456 2213 588 2287 consilio,
609 2213 660 2272 sed
678 2233 698 2271 α
710 2213 897 2272 mcerdotilms
909 2215 1106 2274 indoctioribus
1118 2219 1269 2292 etplebes's's

53 2311 158 2368 assedit
181 2307 310 2385 positum
336 2327 414 2381 esse3
445 2327 516 2366 uam
542 2310 598 2367 σοῒι
620 2305 745 2386 μεροιιων
772 2315 805 2366 ut
832 2308 911 2383 apud
935 2307 1097 2368 Lucianum
1121 2309 1270 2390 Podagrae

53 2403 138 2462 saeris
156 2403 302 2476 initiatos,
328 2403 421 2462 sicin
449 2402 535 2462 titulo
555 2401 724 2479 Aesculapii
750 2401 912 2460 sacerdotes
938 2402 1090 2479 signifieat.
1131 2403 1267 2464 Tertium

53 2496 170 2574 denique
194 2497 322 2558 eiusdem
349 2496 440 2556 libelli
467 2495 606 2556 Lucisnei
630 2495 726 2554 locum
751 2494 881 2553 adferam
906 2495 944 2553 sd
968 2514 995 2554 v.
1012 2497 1057 2556 31.
1083 2530 1121 2540 -
1147 2493 1165 2554 5
1193 2501 1264 2579 npoi-

53 2613 92 2649 τον
116 2590 211 2661 σθένος
235 2600 279 2652 est
300 2585 419 2666 'Talem
450 2591 531 2652 euius
558 2591 685 2669 hymnus
709 2589 836 2667 primum
862 2596 940 2648 tenet
965 2589 1070 2649 locum.
1114 2590 1174 2666 Qui
1203 2593 1265 2651 sive

53 2684 192 2764 licymnii
211 2695 258 2746 est
277 2685 339 2744 sire
359 2684 534 2761 Ariphrouis
556 2687 605 2758 (cl.
625 2686 725 2763 Bergk
744 2685 824 2743 Post.
846 2685 899 2758 lyr.
919 2682 967 2742 111
990 2681 1077 2761 1249)
1096 2684 1208 2763 integer
1227 2686 1265 2743 ab

54 2780 201 2841 Athenaeo
222 2780 280 2840 XV
303 2779 432 2840 iola
408 2797 451 2838 erc
469 2779 596 2840 traditus
616 2789 673 2839 est:

119 2903 235 2985 ‘Taisia
256 2900 412 3022 πρεσβίστα
431 2897 575 2987 μακοίριον,
595 2897 669 2986 μετδ
691 2928 740 2966 σειν
761 2899 860 2985 ναίοιμι
878 2896 911 2964 τδ
933 2893 1088 2986 λειτοίμενον

125 3003 229 3082 βιοτοῒς,
252 3025 286 3063 nn
278 2991 341 3062 δέ
359 3022 459 3082 ριοιρ
425 3023 445 3061 n
445 2988 550 3112 ρίῲρων
571 2991 690 3070 σιίνοιιιος
711 2997 772 3076 εἴης·

125 3093 146 3157 εί
163 3085 218 3212 γρίρ
239 3119 279 3167 τις
298 3123 313 3172 η
302 3087 455 3156 niloticae
475 3081 553 3175 χαίοις
573 3121 587 3171 η
577 3087 709 3156 τεκέων

123 3183 210 3267 ητοῒς
230 3183 398 3271 ἰσοδαίμονος
419 3180 567 3265 ἀνθρώποις
587 3185 779 3268 βασιληίδος’
765 3191 888 3268 αρχοῒςη
878 3179 1012 3264 πίθων,

127 3276 171 3355 οδς
192 3279 313 3365 κρυφίοις
329 3276 543 3363 Ἀῲροδίτοις“’
520 3304 633 3363 αριαισιν
652 3272 813 3364 θηρειίομεν,

122 3371 139 3454 ἢ
157 3375 184 3438 εί
198 3401 238 3448 τις
259 3369 335 3437 site
353 3363 450 3438 θείδεν
469 3365 632 3458 ιὀνδρυίσοισι
650 3369 784 3459 τέρψις
766 3403 780 3453 η
803 3369 887 3436 πίνων
906 3363 1016 3455 ομπνοοί
1038 3382 1183 3457 πέφανται,

123 3463 197 3552 μετοδ
218 3492 282 3546 σειο,
276 3461 418 3588 μιίιιοοιρ
435 3464 549 3545 ΤΎίεια,

121 3567 224 3629 τέθαλε
245 3553 334 3627 οιοίντοι
354 3557 401 3626 καί
420 3555 525 3644 λοίμσει
543 3559 668 3646 Χαρίτων
689 3561 745 3646 ἔαρ

123 3659 201 3722 τίθεν
221 3656 250 3719 δδ
269 3651 351 3740 χωρίς
371 3650 443 3728 οιίτις
464 3651 603 3737 εὐδαίμων
628 3655 692 3739 ibo.

121 3786 282 3849 Exordium
301 3793 463 3864 praeterea,
488 3787 514 3846 si
533 3793 636 3846 testem
654 3787 742 3846 titulo
760 3785 821 3845 fere
840 3786 993 3866 aequalem
1011 3789 1151 3865 requiras,
1172 3789 1259 3848 Luci·

56 3897 119 3939 anus
137 3882 268 3942 serravit
286 3881 353 3958 (pro
374 3881 456 3956 lapsa
475 3885 505 3939 ιά
524 3883 608 3941 salat.
626 3899 651 3939 e.
665 3880 708 3958 6),
721 3900 780 3939 nou
794 3881 961 3959 discrepans
974 3882 1025 3940 ille
1038 3884 1075 3941 ab
1089 3881 1254 3944 Athenaeo.

56 3969 201 4054 Discrcpat
221 3995 289 4034 vero
309 3974 355 4034 vel
375 3975 503 4033 maxime
522 3975 612 4052 lapis,
637 3976 719 4035 euius
737 3976 780 4034 rei
800 3995 866 4035 cum
890 3976 919 4033 in
945 3977 1105 4034 sententiae
1132 3977 1258 4054 gratiam

56 4065 119 4124 nibil
135 4070 194 4129 fers
214 4071 239 4128 si
259 4087 349 4129 unum
369 4070 518 4146 exceperis
537 4076 679 4130 mutatum
700 4068 738 4128 sit
757 4069 832 4127 aliae
851 4087 957 4128 causae
980 4069 1257 4147 circumspiciendae

58 4167 123 4220 sunt
159 4160 238 4222 Nam
258 4171 291 4222 ut
309 4163 425 4222 mittam
444 4163 550 4222 menda
569 4163 794 4242 orthographica
813 4173 842 4222 et
861 4162 962 4222 leviter
982 4173 1078 4223 errata
1098 4151 1257 4242 οἷνδροίιιους

58 4249 256 4338 (ι.10),χιίριν
276 4257 317 4335 (r.
332 4257 375 4335 9),
398 4255 494 4337 τέρψιν
515 4257 555 4334 (v.
572 4255 635 4335 ll),
662 4277 794 4336 quaeque
813 4257 965 4317 deterioris
984 4257 1109 4318 sortasse
1129 4255 1256 4332 exempli

58 4343 182 4410 lectiones
201 4353 326 4427 fuerunt,
345 4352 426 4411 velut
445 4356 497 4412 σοῦ
515 4372 569 4429 pro
590 4353 643 4411 ceri
662 4351 704 4429 (v.
719 4353 759 4430 7),
780 4345 841 4430 βίον
861 4371 915 4429 pro
929 4351 1025 4430 βιοτοῒς
1039 4352 1079 4427 (v.
1094 4351 1134 4425 8),
1155 4344 1255 4421 ξυνείης

61 4437 176 4522 (dequo
200 4447 300 4506 statim
324 4446 433 4524 dicam)
456 4464 511 4523 pro
537 4431 655 4521 ξιίνοιιιος
684 4443 737 4522 εἴης
764 4447 807 4526 (v.
823 4446 867 4524 8),
897 4444 1021 4521 denique
1050 4441 1255 4517 interpolatum

1002 4535 1055 4594 π’
