3232 4906
495 375 530 430 11.
562 374 711 432 Insubrum
729 383 757 433 st
773 380 858 438 Asiae.

288 535 451 628 αίμοριίτο
467 535 602 608 ιονόοωι
623 544 764 664 τερπνὸν
785 543 881 612 ἔλυσε
899 548 985 630 βίον.

223 631 324 705 ovd‘
308 642 364 708 vrt'
387 637 485 723 ἐμαῖς
506 635 679 708 doetus
642 667 681 708 το
707 639 828 732 νήπιον
849 642 899 724 είς
920 643 1008 734 φάος
1029 642 1121 737 ἦγον,

108 741 140 806 10
303 734 415 814 ἀλλ’<
397 739 465 808 υπὸ
486 741 608 829 γαστρὶ
630 740 729 828 φίλαι
752 739 909 812 κεύθεται
931 746 1165 875 tepentem

216 844 354 930 τριοοᾶς
374 840 410 908 ἐκ
433 835 575 918 δεκάδος
596 842 634 909 δὲ
656 842 741 930 πρὸς
761 839 800 922 ἳξ
819 844 918 914 ἐτέων
936 846 1053 936 χρόνον
1076 843 1183 940 ἦλθον

290 937 386 1028 ἀνδρί
407 940 555 1009 λιποῦσα
576 943 699 1009 τέκνων
720 937 951 1066 dpoevdnotda
974 949 1082 1035 γονάν,
1123 979 1126 986 ·

219 1039 318 1107 δισσὰ
340 1040 379 1106 δὲ
400 1043 504 1128 πατρί
526 1042 672 1109 λιποῦσα
695 1043 752 1110 καὶ
776 1041 913 1131 ἱμερτιῦι
936 1047 1136 1132 οονομεύνωι

289 1137 373 1207 αὐτὰ
396 1135 461 1209 ὑπὸ
482 1136 639 1228 τριτάτωι
660 1139 755 1210 τόνδε
780 1145 977 1229 le‘lonxo'
940 1173 1053 1214 τοπον.

108 1244 187 1307 15α.
218 1237 304 1307 ἀλλὰ
326 1237 376 1319 οὐ,
400 1239 620 1328 παμβασίληα
643 1240 719 1322 θεά,
743 1243 938 1329 πολυώνυμε
962 1244 1075 1335 κούρα,

289 1334 431 1430 τήνδε”
409 1340 534 1429 αγείπ
510 1337 730 1426 πέίναεβὲιον
749 1349 857 1433 χῶρον
878 1343 998 1426 ἔχουσα
1019 1347 1126 1436 χερός.

157 1449 185 1525 β.
213 1448 284 1520 τοῖς
306 1442 344 1509 δὲ
366 1441 645 1530 παρερχομένοιοι
667 1442 750 1522 θεὸς
771 1445 893 1531 τέρψιν
913 1446 987 1513 τινὰ
1009 1445 1079 1536 δῴη

293 1538 429 1609 εἴπασιν
447 1540 576 1627 χαίρειν
598 1543 795 1630 Σιονρατέαν
817 1544 901 1610 κατὰ
921 1548 991 1633 γῆς.

394 1639 573 1720 Διονύσιος
598 1639 737 1732 Μάγνης
757 1645 899 1731 ποιητὴς
921 1641 1078 1733 ἔγραψεν.

171 1783 194 1823 n
211 1785 239 1842 p.
260 1763 330 1826 chr.
350 1784 378 1823 n.
399 1781 472 1823 seeo.
492 1797 530 1808 -
549 1763 740 1842 Lapidarium
760 1781 774 1822 t
793 1765 887 1823 forma
911 1785 994 1825 usum
1016 1769 1142 1828 correxit
1162 1769 1220 1828 fere
1241 1773 1301 1833 ubi·

108 1874 155 1930 qne
172 1857 330 1936 Dionysius
349 1858 483 1934 idemque
503 1877 567 1916 oum
586 1857 635 1916 ille
654 1875 682 1915 r.
703 1857 720 1914 2
740 1871 862 1915 rrrrrssr
887 1863 956 1918 etr.
978 1859 995 1918 3
1012 1875 1144 1920 neurme
1163 1863 1303 1940 sculpsis-

107 1961 157 2025 set,
175 1955 270 2013 sedulo
290 1951 463 2012 emendarit
493 1950 669 2010 observavit
688 1951 759 2010 haec
778 1949 981 2020 Wllamowitz.
1002 1954 1052 2028 qui
1072 1955 1160 2014 etiam
1181 1976 1217 2014 ex
1237 1959 1303 2016 sub·

108 2047 249 2121 scriptione
274 2064 289 2103 ο
310 2047 433 2106 formam
459 2044 585 2104 tradidit.
626 2044 671 2102 Eo
700 2043 796 2103 miuus
821 2053 917 2102 autem
936 2047 1086 2122 probabile
1106 2056 1164 2123 est,
1189 2061 1303 2128 poetam

106 2153 127 2194 ν.
151 2138 175 2196 7.
194 2129 285 2220 rupelo
305 2141 447 2217 integrum
467 2137 630 2197 relicturum
650 2137 747 2209 fuisse,
771 2135 933 2213 siquidem
954 2139 1159 2216 quodReislre
1183 2143 1305 2202 oonieeit

107 2223 180 2310 nnpd
201 2235 346 2295 voluisset
391 2233 516 2294 Numeri
539 2231 653 2290 dicendi
677 2247 781 2308 genere
806 2231 993 2307 elegantiores
1018 2233 1150 2294 bucolica
1174 2237 1305 2295 nituntur

106 2342 218 2400 maura,
241 2347 317 2404 quae
336 2325 492 2404 quinquies
510 2329 546 2418 rii
564 2314 639 2384 sord
658 2315 744 2404 τρίτον
762 2322 887 2403 τροχαῖον
900 2333 1159 2401 eompensatur.-
1172 2329 1305 2402 Ιγονίως

108 2417 212 2478 Wilam.
232 2421 319 2479 oeteri
341 2418 497 2494 γενέτα-
518 2399 688 2497 lampadii.
714 2437 740 2478 e.
758 2419 862 2477 aoerbo
882 2418 943 2477 lato
962 2417 1121 2491 adflictam,
1142 2431 1172 2478 ut
1192 2414 1306 2495 οπογνίς

105 2523 129 2568 et
148 2501 272 2594 στηερίς
291 2514 326 2572 de
345 2513 462 2572 homine
481 2511 645 2572 miserando
665 2512 789 2589 ponitur.
803 2499 918 2570 -8'
889 2531 968 2570 νοσωι
984 2512 1104 2571 Wilam.
1118 2515 1205 2572 ceteri
1218 2502 1305 2588 νίνου,

106 2607 172 2678 quod
186 2608 293 2668 frustra
305 2608 499 2686 explicabant.
528 2605 636 2664 Mirum
656 2624 725 2664 nero
744 2605 821 2681 quod
840 2621 897 2662 uon
911 2604 1028 2682 scripsit
1047 2597 1189 2688 alpepdrup
1209 2597 1305 2690 νοιίσῳ.

108 2697 203 2777 Erinys
221 2704 338 2776 insaniis
361 2702 542 2776 inprovidens
565 2698 659 2757 morbo
683 2718 725 2758 me
744 2699 859 2759 mulie.
880 2731 917 2742 -
940 2699 974 2758 13
995 2701 1049 2758 dan
1069 2719 1172 2777 pueros
1196 2703 1237 2779 (v.
1259 2703 1307 2780 12)

105 2799 176 2863 patri
198 2799 348 2872 maritoque
369 2795 484 2869 reliqui,
508 2794 558 2852 aab
582 2799 644 2870 ipso
667 2796 740 2851 tertii
760 2803 849 2868 partu
874 2794 998 2852 occubui.
1037 2783 1090 2854 dard
1110 2796 1229 2875 τριτνίτῳ
1249 2815 1307 2854 non

109 2883 214 2946 brevius
240 2889 347 2947 dictam
374 2905 460 2964 quarn
489 2893 521 2945 ut
546 2885 674 2962 intellegi
693 2887 797 2964 possit3
817 2905 871 2964 pro
891 2875 967 2944 αὐτοὶ
987 2894 1153 2964 expectares
1168 2885 1257 2968 adrui,
1277 2897 1309 2947 at

109 2979 193 3038 solent
205 2981 276 3040 haec
288 2981 461 3058 pronomina
480 2979 691 3038 adsimilatione
711 2981 837 3056 quadam
858 2979 894 3036 ad
914 2978 1072 3038 subiectum
1087 2982 1184 3056 potius
1197 2947 1307 3042 relerri.

106 3069 231 3132 Ceterum
254 3075 292 3136 of.
317 3075 354 3134 A.
379 3073 413 3133 P.
441 3072 501 3130 VII
526 3073 582 3131 465
608 3060 690 3131 dnnrd
716 3067 773 3130 dl‘
762 3094 831 3152 ομου
857 3064 991 3131 τίκτουσα
1017 3093 1045 3130 το
1039 3061 1119 3150 μὲν
1143 3068 1217 3134 λίπον
1237 3069 1308 3154 dvdpl

106 3156 271 3241 νπίκγίν-Ι
215 3188 306 3246 -ωγρρ
308 3185 329 3235 ς·
350 3157 377 3224 dv
397 3163 452 3224 δ”
437 3153 539 3241 ariadnen
561 3155 784 3246 μνηρίτυνον
750 3187 906 3234 ποτιος.-
869 3167 964 3224 -15
985 3159 1173 3244 παμβασίλεια
1196 3169 1308 3226 Wilenr.

105 3261 184 3318 ueteri
195 3255 447 3340 nepesseodaentae
462 3262 495 3319 17
516 3251 702 3335 bdnwilem.
722 3261 807 3319 oeterl
820 3252 884 3334 dein.
919 3259 1062 3317 Vltimum
1081 3259 1233 3332 distichon,
1253 3261 1309 3318 nisi

105 3351 172 3410 lorte
199 3373 235 3413 ex
259 3357 304 3413 sui
329 3356 418 3414 animi
443 3355 587 3414 sententia
611 3362 698 3430 poete
717 3353 882 3430 loquitur‚'
874 3354 931 3430 rpsi
951 3351 1106 3412 Socrateae
1127 3353 1307 3410 tribuendum

106 3453 178 3520 puto,
197 3465 253 3525 quo
272 3448 382 3526 gratias
403 3447 522 3507 referret
543 3448 582 3525 pil
603 3448 663 3504 voti
683 3465 710 3505 ν.
734 3447 821 3522 lbaq.

602 3575 804 3587 ——-—--

105 3689 169 3750 219.
205 3695 362 3754 heminae
381 3694 512 3772 Amorgi.
551 3695 583 3756 O.
604 3695 628 3753 l.
650 3694 726 3754 Add.
746 3692 776 3752 H
797 3691 901 3752 2264r.

184 3801 423 3886 Κλεομάνόρου
451 3799 528 3868 τόδε
551 3807 651 3888 σῆμα,
674 3806 762 3891 effi
785 3802 819 3868 ἐν
840 3798 965 3866 πόντιοι
988 3799 1058 3882 κίχε
1079 3803 1194 3887 μοῖρα,

277 3899 441 3988 δακρυόεν
462 3901 499 3969 δὲ
521 3897 619 3968 πόλει
642 3902 771 3980 πένθος
792 3899 895 3989 ἔθηκε
920 3899 1042 3967 θανών.

178 4041 211 4084 1v
235 4042 369 4085 saec.-
332 4025 465 4082 -lm
486 4023 563 4100 quod
588 4022 660 4081 vidit
679 4021 747 4082 Keil
773 4021 824 4100 (ad
845 4021 944 4082 Rossii
971 4021 1056 4080 Aeol.
1082 4017 1163 4098 Ausa.
1189 4021 1219 4081 Il
1242 4023 1312 4100 648)

107 4132 144 4175 το
163 4137 239 4192 ease3
265 4141 305 4198 τῳ
332 4117 458 4176 Boeolnh
497 4117 541 4176 De
560 4119 691 4194 genetiuo
716 4137 743 4175 r.
764 4117 799 4174 A.
820 4115 856 4174 P.
878 4115 920 4174 Vl
941 4115 1013 4186 264,
1038 4113 1087 4172 ubi
1113 4115 1193 4190 quod
1222 4118 1314 4175 oodex

105 4211 189 4273 babet
208 4211 273 4273 ἀλλ’
293 4208 380 4292 ιἰρετιῒ
400 4201 615 4290 λαίμπομαι,
581 4231 622 4279 αις
643 4206 728 4290 ἔνοχον
748 4229 805 4268 non
826 4199 866 4282 dv,
888 4208 938 4268 sed
952 4227 1019 4266 oum
1032 4195 1201 4265 laoobsio
1179 4229 1211 4275 ας
1225 4209 1313 4265 oorri-

106 4307 223 4382 gendum
242 4317 295 4372 eet
785 4385 806 4390 „

156 4417 238 4465 [utel.
251 4418 413 4467 Epigrammata
423 4427 504 4468 graeca.
1099 4399 1115 4446 6
