3178 4912
246 407 307 472 252
663 407 859 477 Epigrammata
877 407 1040 476 sepulcralia

333 570 484 655 ζωοίσας
505 571 619 652 ἔλιπες
641 573 703 660 γὰρ
727 567 880 660 ἀηδόνας,
905 563 945 651 dg
962 565 1137 648 ’Λιδιυνεύς

249 681 289 744 10
422 669 584 742 οὐδέποθ’
608 670 742 763 αίρήσει
763 677 805 764 τῇ
827 676 983 762 φθονερῇ
1005 670 1154 762 παλάμῃ.

267 880 298 946 b.
334 878 440 944 Βαιδν
460 879 521 960 μὲν
541 873 619 944 τόδε
642 883 744 966 σῆμα,
764 877 804 944 τὸ
826 877 864 944 δὲ
886 877 985 954 κλέος
1005 870 1147 963 οὐρανὸν
1166 873 1245 954 ῗκει,

419 975 569 1067 Molitus,
592 980 779 1066 Πειερίδων
801 977 873 1058 δξέο
897 979 1113 1060 λειπομένων·

331 1079 477 1162 νιιίνυμον
500 1074 579 1147 οίιδέ
601 1104 638 1148 σε
660 1085 765 1168 μοῖρα
788 1083 967 1146 κατέκτανε
987 1077 1206 1167 νηλεόθυμος,

420 1177 492 1248 ἀλλ’
516 1179 630 1248 ἔλιπεν
652 1179 762 1272 λήθης
785 1174 938 1268 δίμμορον
959 1175 1105 1268 εδεπίην.

250 1289 288 1351 lt
332 1277 424 1362 οἷ’σις
446 1278 665 1370 δδακριίτοιοι
686 1285 761 1349 τεδν
783 1282 875 1368 παρὰ
897 1280 1022 1365 τίτριρλυν
1044 1277 1191 1364 ἀμείβων

420 1380 617 1471 ὀφθαλμοῖς
640 1385 773 1466 σχεδίαν
795 1384 945 1470 δέρξεται
970 1381 1147 1470 είιστιχίρν·
1180 1407 1182 1412 ·

331 1479 449 1575 δίρκιον
471 1485 505 1565 ε’,ς
527 1482 660 1568 δόλιχον
681 1481 760 1552 τόδε
782 1509 836 1552 σοι
860 1485 967 1562 κλέος·
992 1477 1031 1549 οδ
1054 1483 1117 1572 γὰρ
1142 1480 1297 1573 ἀπενθής

421 1589 549 1655 κείσεαι
572 1581 760 1665 οδτιδανοῖς
782 1583 938 1671 ἰδόμενος
958 1585 1082 1652 νέκυσι·

332 1687 440 1756 πουλὺ
462 1689 500 1756 δὲ
522 1689 579 1756 καί
600 1693 738 1776 χρυσοῖο
762 1687 819 1755 καί
840 1682 1019 1775 ἠλέκτροιο
1042 1691 1185 1773 φαεινοῦ

249 1797 292 1862 20
418 1787 556 1879 ἐ’(σ)σετ’
579 1785 633 1857 det
656 1788 804 1877 κρέσσων
827 1780 867 1877 ἣν
888 1784 1002 1865 etrusc
1024 1787 1152 1854 σελίδα.

324 1932 429 1990 Annus
456 1937 502 1989 est
525 1949 553 2008 p.
569 1929 638 1990 (thr.
658 1949 686 1988 n.
709 1929 761 2002 94,
787 1927 850 1986 coll.
877 1926 1029 1987 censorin.
1055 1929 1089 1985 de
1114 1928 1158 1986 dte
1182 1939 1239 1987 not.
1264 1948 1288 1989 c.
1306 1929 1340 1987 18
1364 1945 1470 1986 rursus

247 2037 338 2084 tomen
358 2044 450 2083 annue
470 2043 589 2098 magnus
605 2043 660 2100 per
677 2023 849 2099 Capitolinos
868 2041 976 2098 αρσοαε
996 2033 1104 2098 coeptae
1124 2032 1163 2082 est
1175 2025 1333 2099 diligeretur
1347 2027 1469 2096 εαυσή,

184 2140 194 2156 ·
248 2138 367 2196 quorum
385 2137 505 2194 aponum
522 2121 630 2194 ριίιουε
650 2138 669 2176 o
682 2118 842 2175 Domitiano
862 2121 1002 2176 immutat
1015 2120 1078 2193 suit
1096 2117 1257 2176 duodecimo
1277 2121 1335 2176 eius
1362 2127 1389 2174 et
1403 2115 1468 2176 Ser.

251 2215 372 2272 Cornelii
392 2214 557 2273 Dolabellae
576 2214 718 2271 συνεκτείσειν
739 2213 778 2290 (a
791 2212 858 2290 86);
884 2212 961 2288 quod
987 2217 1133 2270 certamen
1154 2230 1217 2269 cnm
1238 2219 1313 2270 teste
1327 2209 1469 2271 Suetonio

248 2308 344 2383 (Dom.
358 2327 382 2366 c.
397 2309 429 2384 4)
451 2307 663 2385 quinquennale
683 2314 773 2382 esset,
800 2307 916 2366 tertium
936 2308 1059 2365 lustrum
1087 2306 1128 2381 (v.
1143 2305 1187 2364 tit.
1209 2304 1273 2382 lat.)
1294 2327 1320 2365 a.
1335 2305 1373 2364 94
1394 2323 1469 2365 oon-

247 2401 341 2462 ditum
366 2412 417 2462 est.
458 2401 493 2460 ln
518 2401 573 2460 hoc
597 2401 756 2460 certamine
782 2401 859 2460 inter
883 2401 1096 2479 quinquaginta
1120 2398 1193 2460 dnos
1217 2405 1320 2478 poetas
1344 2419 1469 2478 graecos

249 2495 395 2576 Sulpicius
419 2496 593 2556 undenarius
619 2515 692 2573 puer
714 2513 782 2555 snos
803 2512 913 2566 versus,
933 2495 982 2572 qui
1002 2513 1092 2573 supra
1111 2494 1213 2572 scripti
1226 2503 1301 2566 suut,
1321 2495 1469 2569 recitavit3

247 2610 306 2651 non
330 2591 441 2669 primae
466 2611 532 2650 eum
557 2589 662 2650 tulisse
687 2589 846 2649 rectissime
866 2587 984 2647 Heuncu
1005 2589 1046 2665 (p.
1065 2589 1131 2666 104)
1157 2607 1194 2648 ex
1220 2590 1319 2650 verbis
1339 2609 1400 2651 ενοι
1419 2593 1468 2652 lto

247 2705 318 2744 nore
337 2688 460 2745 διιοιεείι
479 2685 634 2758 conclusit3
664 2685 754 2744 immo
778 2684 812 2742 od
832 2695 953 2742 teneram
977 2693 1093 2742 anatem
1118 2682 1245 2742 iudicum
1265 2683 1395 2744 favorem
1416 2708 1467 2746 ex-

248 2779 401 2854 citaverat,
432 2779 537 2857 patris,
558 2779 685 2839 hominis
709 2779 821 2854 liberti,
852 2777 1070 2838 admirationem
1096 2778 1176 2854 quod
1196 2778 1332 2838 excitavit
1351 2781 1468 2858 ingenio
1587 2779 1588 2844 i

249 2889 319 2946 suo,
344 2871 416 2930 nihil
438 2874 556 2932 mirum:
588 2893 642 2934 nos
662 2873 735 2933 scire
755 2873 837 2932 iuvet
856 2889 915 2932 non
936 2889 1037 2930 omnes
1057 2880 1126 2930 tunc
1145 2889 1266 2951 gaeon
1287 2873 1387 2934 Musas
1406 2883 1465 2933 tam

248 2966 353 3024 misere
373 2967 552 3028 balbutiisse.
568 3003 607 3013 -
620 2968 732 3027 Versus
751 2987 789 3027 ex
807 2976 937 3043 tempore
957 2961 1043 3026 dioti'
1055 2960 1167 3046 (καίριον
1187 2967 1205 3025 i.
1225 2987 1251 3025 e.
1270 2956 1301 3026 rd
1322 2967 1353 3027 ἐκ
1373 2975 1469 3046 καιροῦ

250 3049 409 3140 λεγίμενιν)
435 3061 552 3121 intimae
577 3072 662 3122 uotae
688 3068 756 3120 sunt
782 3063 860 3137 quod
885 3061 982 3120 nescio
1003 3081 1039 3120 an
1061 3080 1146 3120 nemo
1166 3061 1270 3122 melius
1289 3065 1467 3139 persenserit

249 3173 337 3231 quam
359 3156 408 3230 qui
429 3156 651 3234 interpungendi
672 3175 777 3216 munus
798 3156 965 3232 susceperit.
993 3155 1073 3214 Idem
1089 3163 1290 3234 argumentum
1304 3156 1382 3216 haud
1396 3177 1466 3218 saue

248 3269 338 3309 suave
370 3248 532 3310 Lucianum
568 3253 740 3310 tractavisse
774 3252 862 3326 (deor.
898 3251 966 3308 dial.
998 3247 1100 3327 XXV)
1138 3250 1293 3309 adnotavit
1324 3251 1467 3328 Visoonti,

248 3345 444 3421 tractavitque
476 3355 505 3404 ut
536 3365 591 3422 par
619 3351 665 3404 eet
693 3344 795 3421 paullo
825 3343 939 3402 melius.
990 3342 1143 3416 Quaedam
1173 3351 1271 3402 tamen
1306 3364 1352 3405 res
1390 3348 1467 3425 apud

248 3449 403 3515 utrumque
421 3440 465 3498 its
484 3440 654 3516 concinunt,
681 3450 712 3496 ut
738 3458 803 3497 cum
823 3437 983 3496 Lucienum
1005 3455 1024 3494 a
1043 3453 1135 3512 puero
1155 3438 1290 3498 didicisse
1310 3439 1467 3499 ridiculum

248 3533 288 3592 sit
306 3533 424 3604 creditu,
445 3533 564 3609 vulgare
584 3535 638 3594 hoc
658 3543 686 3592 et
705 3533 735 3590 in
755 3533 903 3592 rhetorum
929 3529 1036 3589 scholis
1059 3531 1241 3590 decantatum
1266 3543 1467 3611 argumentum

248 3625 338 3684 tuisse
363 3637 475 3704 pateat3
497 3627 531 3688 of.
555 3627 625 3688 Luc.
645 3633 655 3686 l
681 3621 811 3708 μειρακίῳ
832 3617 935 3704 ίνοῆτῳ
956 3616 1107 3694 πιστεύσας
1127 3615 1157 3683 τί
1180 3615 1258 3705 rippa
1278 3627 1343 3688 coll.
1359 3625 1464 3706 sulpic
1585 3691 1586 3694 ,

249 3737 274 3778 v.
291 3721 307 3778 3
322 3739 376 3796 sq„
396 3720 465 3780 Luc
488 3721 554 3780 itta.
580 3713 625 3780 καί
652 3711 721 3791 diros
750 3717 839 3791 οὐδέν,
864 3707 905 3778 dri
930 3717 959 3778 od
988 3707 1153 3798 ξυνετιίραξε
1174 3711 1220 3778 καί
1241 3719 1360 3801 ξυνέχεε·
1381 3713 1427 3781 καί
1447 3718 1467 3780 εί

249 3801 288 3889 μὴ
310 3803 381 3887 deul,
406 3805 491 3889 ξυνεὶς
511 3802 542 3872 τί
562 3803 726 3894 γιγνίμενιν,
752 3813 909 3893 κατέβαλον
933 3802 1017 3872 αδτδν
1042 3817 1082 3893 τῷ
1109 3816 1232 3892 κεραυνῷ
1257 3809 1318 3874 ovidi
1340 3811 1466 3893 λείψανα

249 3900 399 3986 detector
425 3907 559 3988 ἐνέμεινεν
584 3899 615 3966 dv
641 3909 706 3968 ooll.
733 3909 815 3986 Sulp.
843 3929 869 3968 v.
888 3911 917 3965 ll
948 3909 1042 3980 et183
1073 3909 1196 3985 denique
1217 3907 1318 3968 Luc.3
1340 3909 1367 3979 ἐς
1388 3907 1417 3969 di
1436 3900 1464 3970 τί

247 3989 344 4075 λιιτίν,
369 3992 399 4075 ἤν
431 4025 457 4060 τι
482 3991 571 4082 ίμοιον
597 3992 961 4084 ναριινομῆσης...αδτίκα
987 3999 1042 4077 εἴση
1068 3990 1164 4061 ίτίσιν
1189 4004 1241 4060 τοῦ
1269 4006 1320 4062 τοῦ
1345 3995 1426 4086 erupis
1454 4001 1465 4063 d

249 4085 376 4174 κεραυνὸς
401 4091 603 4177 πυρωδέστερος
630 4096 696 4156 coll.
723 4080 805 4174 Sulp.
827 4114 854 4155 v.
870 4098 908 4155 40
927 4115 991 4174 sqq.
1018 4076 1166 4170 Ovidium,
1187 4115 1272 4173 quem
1293 4115 1349 4158 neo
1370 4098 1467 4178 Sulpi·

248 4189 309 4247 cius
328 4189 472 4267 neglexit,
500 4193 614 4271 saepius
641 4193 772 4269 sequitur
790 4191 946 4252 Luciacus.
968 4225 1005 4235 -
1027 4187 1149 4250 Numeri
1170 4191 1324 4251 admodum
1345 4193 1464 4267 celerem

247 4283 356 4343 nullius
384 4304 484 4345 versus
514 4287 580 4364 plus
606 4288 663 4345 duo
689 4286 808 4363 spondei
836 4291 920 4360 sunt,
951 4285 1001 4364 qui
1027 4291 1073 4344 ter
1098 4285 1127 4344 in
1154 4286 1279 4344 secundo
1306 4299 1467 4366 quartoque

249 4379 290 4452 (v.
306 4376 334 4436 2.
355 4376 381 4438 5.
409 4378 469 4455 11),
489 4380 535 4439 bis
555 4381 584 4438 in
605 4379 731 4440 oecundo
751 4379 903 4455 tertioque,
925 4380 1014 4438 semel
1033 4380 1064 4439 in
1078 4378 1175 4458 primo
1188 4389 1359 4458 quartoque,
1380 4393 1466 4452 semel

250 4469 375 4546 denique
400 4472 429 4531 in
450 4473 546 4550 primo
565 4473 752 4550 secundoque
770 4473 844 4550 pede
863 4472 1062 4547 inveniuntur;
1083 4473 1216 4552 spondeis
1235 4484 1335 4537 carent
1353 4477 1466 4540 omnino
