3232 4906
428 441 431 456 .
505 397 539 452 ll.
569 397 721 452 lusulurum
739 405 766 452 et
778 399 865 454 Asiae.
1259 404 1300 469 93

167 566 306 628 Videntur
329 569 400 627 haee
424 569 461 630 ad
487 567 633 645 Glyconis
656 567 839 647 epitaphium
867 567 1024 646 pertinere3
1056 589 1083 630 v.
1104 569 1141 629 32
1167 587 1224 628 non
1249 589 1298 628 ex-

99 661 184 735 pedio.

97 939 163 1000 m.
202 941 299 1020 Prope
317 942 466 1020 Cyzicum.
492 942 671 1022 Anuglypho
691 944 796 1004 mulier
815 943 919 1002 sedens
939 961 1090 1022 expressa,
1109 942 1193 1002 iuxta
1211 961 1299 1020 quam

98 1052 164 1109 quae
181 1035 275 1096 altera
294 1037 351 1096 luit
369 1055 494 1114 persona
514 1037 609 1117 periit
645 1039 682 1098 Ε.
704 1037 821 1100 Curtius
840 1038 905 1097 Act.
926 1039 1008 1098 acad.
1030 1037 1114 1096 derel.
1135 1040 1199 1098 min.
1224 1038 1298 1096 1874

97 1147 120 1202 p.
133 1129 157 1186 5.

414 1255 628 1344 Μαιανδρίης
648 1259 708 1344 τῆς
730 1257 888 1338 Βακχίου.

174 1352 389 1442 Φεροεφόνα,
413 1353 451 1420 εὐ
473 1353 631 1442 φίλεργον
653 1350 852 1435 ἀπίοσαοες
874 1351 993 1443 ἀνδρὸς
1014 1351 1072 1423 ἄνι’
1096 1355 1201 1444 εὐνῆς,

252 1451 389 1544 όκριτον
410 1456 445 1534 ἐς
469 1455 611 1532 θνατοὺς
633 1450 767 1522 ἁλικίαν
789 1458 925 1541 θεμένα,

171 1555 342 1624 είκοσέτιν·
366 1561 408 1646 τᾷ
432 1551 553 1632 κάλλος
575 1549 731 1642 όφιόρισε
754 1555 887 1645 Κύπρις
909 1557 943 1622 ἓν
964 1552 1089 1636 ἀστοῖς,

255 1659 340 1724 α’λλά
366 1655 454 1744 'fixo
478 1657 627 1735 σκολιοῖς
649 1653 811 1744 δόγμασιν
835 1652 997 1744 ἠντίασαν·

111 1765 128 1826 5
169 1755 302 1824 οὕνεκεν
323 1755 521 1825 ἀλλοδαπὰν
547 1756 745 1846 Μαιονιίριή
770 1750 875 1846 ἤλυθε
898 1766 997 1846 γαῖαν

247 1853 344 1944 ἀνδρί
366 1851 611 1946 φιλοστόργους
633 1860 827 1942 ὀεικνυμένα
847 1859 996 1948 χάριτας.

173 1955 248 2026 cir-‘t'
271 1949 317 2024 ὧν
337 1982 397 2039 μοι
418 1956 456 2023 τὸ
478 1962 591 2046 μνῆμα
614 1955 715 2036 πόσις
736 1957 861 2038 ιιιίοεν,
885 1955 987 2042 οὕνεχ’
1011 1959 1067 2043 ἅμ’
1091 1957 1193 2028 uiuido

247 2057 392 2148 ἔκδημος
413 2055 553 2144 γενόμαν
574 2062 721 2145 πατρίδα
744 2059 938 2142 λειπομένα·

177 2157 398 2248 Φερσεφόνας
420 2162 448 2225 d'
472 2154 632 2226 όὸίαυλον
655 2154 720 2226 ὑπὸ
744 2159 899 2246 στυγερόν
922 2160 1026 2245 δόμον
1049 2156 1155 2251 ἦλθον

93 2269 128 2332 10
243 2258 443 2348 παυσιπόνιρ
466 2258 578 2337 idear-
599 2259 788 2343 λουσαμὲνα
812 2258 948 2344 πόματι.

162 2401 293 2461 Litterae
322 2399 473 2476 vulgares,
493 2397 554 2457 iota
573 2397 658 2458 modo
678 2397 871 2476 adscriptum,
896 2400 982 2461 modo
1001 2402 1140 2460 omissum
1147 2426 1156 2475 ;
1177 2407 1304 2467 notanda

90 2496 113 2552 si
141 2506 216 2554 reete
243 2494 351 2552 tradita
375 2503 420 2553 eet
444 2511 471 2552 r.
499 2493 508 2548 l
538 2488 633 2548 forma
652 2487 821 2562 ίνιέσνιασες.
862 2492 1003 2552 Doricam
1023 2493 1175 2555 dialectum
1197 2499 1301 2558 indicio

91 2608 147 2647 esse
171 2591 214 2646 ait
234 2588 366 2660 Curtius,
393 2606 428 2644 ex
456 2586 556 2645 dorica
574 2584 673 2661 aliqua
692 2585 807 2644 civitate
827 2584 964 2662 Cyzicum
986 2588 1184 2648 Maeandrium
1205 2597 1300 2650 traus-

91 2683 232 2760 migrasse.
274 2683 316 2739 At
342 2681 447 2740 mirum
472 2689 561 2749 osset,
586 2679 610 2736 si
636 2680 731 2756 ipsum
758 2680 885 2738 mulieris
911 2701 1014 2740 nomeu
1034 2677 1185 2763 Μαιανδρίη
1210 2685 1302 2743 ionice

91 2777 262 2853 scripsissel;
287 2777 387 2847 immo,
408 2781 439 2832 ut
459 2771 532 2832 solet
551 2772 633 2846 lieri,
658 2782 744 2849 poeta
763 2773 861 2832 aliena
880 2773 1003 2836 dialecto
1023 2797 1090 2836 nens
1111 2789 1173 2835 erat
1192 2779 1301 2853 dorica,

89 2870 236 2930 deiunctae
250 2879 347 2930 tamen
370 2889 471 2929 nomeu
493 2875 603 2924 mutare
629 2885 685 2924 non
706 2885 805 2938 ausus;
828 2868 988 2944 lapidarius
1009 2871 1143 2948 indigene
1161 2873 1301 2949 pauculas

90 2965 129 3021 sui
148 2968 291 3026 sermonis
319 2965 427 3024 lormus
452 2959 616 3025 admiscuit
641 2993 675 3004 -·
702 2963 712 3018 l
736 2959 839 3020 melius
859 2962 1023 3040 scripsisset
1043 2959 1072 3024 τί
1088 2961 1225 3046 φίλεργον.

91 3242 160 3304 245.
206 3245 315 3323 Cyzici.
356 3245 388 3306 C.
412 3247 434 3306 Ι.
455 3240 539 3305 3684.

365 3351 626 3442 Διονυσοδώρου
650 3355 799 3422 Πυθίου.

201 3481 234 3521 α.
259 3452 509 3540 Διονυσόδωρε,
531 3461 636 3540 χαῖρε·
659 3459 691 3538 β.
715 3456 770 3521 καὶ
794 3451 834 3521 σίν
857 3478 909 3542 γε,
933 3444 960 3520 ci
982 3453 1071 3536 φίλε,

259 3553 296 3622 τό
320 3559 374 3621 νῦν
392 3549 479 3642 ἔγ[ον
501 3556 673 3642 γ]ει’νιοσνιε’
693 3581 735 3640 με
758 3545 823 3622 uida
846 3558 1005 3638 κείμενον,

257 3657 438 3722 καλόνκαὶ
462 3649 593 3742 ἀγαθὸν
618 3657 675 3722 καί
698 3659 809 3735 καλῶς
830 3653 989 3739 ἒζιοιιόια,

258 3761 453 3846 Λιμναγενῆ
475 3753 649 3844 γεγονότα,
674 3759 756 3822 πᾶσι
781 3759 977 3846 νιροςφιλ[ᾔ.

161 3877 297 3936 Litterae
326 3879 470 3954 vulgares.
492 3912 528 3922 —
549 3878 566 3938 2
588 3895 718 3938 monum
749 3885 779 3937 et
808 3881 826 3938 4
855 3884 932 3957 ψιισι
966 3897 1037 3935 corr.
1068 3877 1197 3936 Boeokh.
1223 3911 1260 3922 -
1285 3881 1304 3936 4

90 3973 247 4046 Λιγααγενῆ
272 3973 352 4029 miris
376 3973 471 4030 modis
497 3973 680 4050 interpretati
715 3981 783 4030 eunt
812 3971 925 4030 Boeelrli
952 3981 980 4028 et
999 3971 1136 4030 Welelrei·
1157 3973 1231 4030 Μαι.
1251 3973 1305 4030 at.

90 4061 126 4120 lll
152 4063 221 4122 248.
252 4052 411 4141 λιμιαγενίς
440 4065 466 4122 is
495 4076 539 4123 est
563 4065 614 4140 qui
639 4063 665 4122 ἔν
690 4057 796 4142 λίμναις
822 4065 922 4139 γέγονε.
945 4059 1047 4144 Λίμναι
1073 4073 1169 4124 nutem
1189 4065 1304 4125 colonia

91 4154 272 4216 Milesiorum
295 4163 341 4216 est
361 4157 390 4214 in
411 4157 611 4218 Chersonneso
638 4159 704 4232 sita
724 4159 774 4218 ubi
795 4159 820 4216 si
841 4179 933 4236 aeque
953 4171 1040 4238 atquo
1059 4160 1089 4218 in
1110 4155 1216 4239 λίμναις
1236 4159 1304 4218 atti-

89 4247 126 4306 cis
146 4251 301 4328 Dionysus
327 4251 459 4329 inprimis
480 4251 642 4325 colebatur,
667 4271 769 4312 revera
788 4252 915 4331 Dionysi
935 4253 1042 4312 donum
1062 4260 1125 4312 erat
1145 4254 1302 4311 defunctus.
