3260 4914
314 375 375 424 vm
849 351 981 422 praelatio.

314 527 417 586 iudicis
438 533 482 585 est
505 525 535 582 iu
561 524 603 583 eis
624 521 695 580 solis
720 521 892 598 indagandis
917 531 967 582 aut
997 527 1112 598 tempus
1143 529 1233 581 terere
1261 529 1311 580 aut
1334 521 1522 581 eruditionem

315 637 469 690 ostentare.

396 733 534 809 Superest
552 731 637 806 longe
658 726 861 788 difficillimum
882 727 1056 787 emendandi
1077 725 1292 802 adnotandique
1306 747 1419 786 munus.
1446 727 1523 786 Duae

316 847 411 896 autem
432 844 499 894 sunt
519 831 715 891 adnotationis
735 837 844 907 partes,
865 832 957 888 altera
977 849 1052 906 quae
1072 829 1216 888 antecedit
1234 829 1330 906 ipsum
1349 831 1524 907 epigramma

316 942 409 998 locum
431 937 478 995 ubi
499 941 647 1010 repertum
667 934 706 992 sit
724 933 908 1010 editoresque
928 933 1058 990 indicans
1071 955 1078 989 :
1090 932 1139 990 ubi
1159 931 1277 990 minime
1297 933 1425 992 omnium
1446 933 1524 1008 posui

317 1042 459 1102 editorum
480 1036 600 1095 nomina
620 1035 669 1094 sed
690 1054 791 1092 eorum
812 1036 861 1112 qui
881 1036 928 1094 vel
945 1034 1053 1111 optime
1074 1034 1226 1092 ediderunt
1238 1035 1284 1093 vel
1298 1035 1477 1112 plenissime,
1497 1045 1524 1092 ut

318 1145 482 1220 Corporum
502 1140 636 1210 editores,
663 1138 826 1214 superiores
848 1138 988 1196 editiones
1008 1145 1264 1210 enumeraverunt;
1302 1157 1377 1214 quae
1396 1137 1460 1213 ipse
1480 1137 1525 1194 de·

319 1248 494 1322 scripseram
514 1242 652 1300 asterisco
673 1241 800 1299 numeris
821 1242 949 1318 praelixa
970 1239 1071 1299 notavi
1093 1241 1242 1299 —altera
1263 1259 1337 1316 quae
1360 1248 1405 1298 est
1430 1240 1527 1298 critica

318 1359 349 1409 et
374 1344 621 1423 interpretabaris.
663 1341 753 1400 Cuius
780 1345 874 1419 primo
901 1345 965 1402 loco
993 1342 1112 1418 saepius
1138 1342 1267 1402 iudicari
1294 1342 1402 1401 saeculi
1430 1352 1527 1402 nomm

320 1453 490 1530 plerumque
516 1465 551 1504 ex
577 1444 691 1504 iudiciis
717 1446 926 1524 epigraphicis‚
951 1446 1099 1506 interdum
1124 1465 1160 1503 ex
1185 1445 1282 1504 indole
1311 1445 1527 1522 epigrammatis

318 1553 480 1630 repetitam.
503 1549 568 1622 Qua
588 1549 617 1606 in
638 1567 669 1604 re
690 1548 759 1624 quin
780 1565 867 1624 saepe
887 1549 1045 1608 erraverim
1065 1566 1123 1605 non
1143 1547 1252 1620 dubito,
1273 1565 1366 1623 neque
1379 1547 1529 1606 mirabitur

319 1657 368 1734 <qui
391 1659 502 1732 quanta
523 1651 631 1710 incuria
651 1659 766 1725 praeter
786 1651 890 1710 atticos
911 1652 1009 1711 titulos
1030 1650 1168 1728 pleraque
1191 1670 1228 1708 ex
1247 1649 1390 1726 lapidibus
1409 1651 1529 1710 describi

322 1760 434 1819 soleant
455 1755 566 1814 nouerit
587 1753 694 1830 quique
715 1770 804 1828 quam
824 1753 916 1812 fallax
936 1755 974 1812 sit
993 1772 1062 1812 usus
1083 1753 1254 1829 auriumque
1272 1752 1410 1812 iudicium
1430 1773 1530 1830 exper-

319 1871 365 1920 tus
393 1859 457 1918 erit
504 1856 583 1914 Tum
610 1855 719 1912 variam
746 1856 899 1914 lectionem
926 1857 1067 1930 adstruxi,
1099 1876 1135 1914 ne
1159 1854 1234 1913 hanc
1258 1855 1375 1931 quidem
1401 1856 1528 1932 plenam:

320 1962 443 2021 meliora
462 1959 538 2017 enim
560 1959 609 2017 ubi
630 1961 749 2034 praesto
769 1967 850 2014 erant
870 1958 1041 2036 apographa
1061 1957 1206 2016 deteriora
1226 1961 1258 2016 ut
1283 1975 1337 2032 par
1364 1965 1410 2017 est
1433 1959 1532 2031 abieci,

321 2066 370 2123 ubi
392 2061 569 2122 dubitationi
590 2060 671 2117 locus
693 2059 844 2118 videbatur
864 2059 987 2137 relinqui
1009 2061 1074 2119 cari
1094 2080 1130 2118 ne
1150 2061 1220 2136 quid
1240 2060 1410 2119 omitterem.
1445 2061 1535 2119 Inter·
1613 2109 1614 2136 ἶ

321 2183 471 2243 preaesse
497 2163 593 2222 studui
619 2181 707 2237 quam
733 2161 924 2220 brevissimus
949 2170 978 2222 et
1009 2182 1096 2239 quam
1127 2163 1308 2236 rarissimus;
1337 2183 1432 2239 neque
1462 2164 1537 2222 enim

213 2291 216 2300 ⁴
320 2287 397 2345 quae
418 2287 454 2324 ex
475 2266 612 2324 continua
632 2269 874 2342 epigrammatum
900 2265 1023 2324 lectione
1049 2276 1152 2343 sponte
1181 2265 1362 2342 explicantur
1387 2273 1539 2342 tamquam
1614 2313 1615 2340 ,

322 2372 351 2428 in
373 2369 500 2427 tironum
522 2388 604 2426 usum
625 2386 831 2444 usquequaque
852 2369 959 2442 monui,
981 2369 1022 2426 eis
1043 2367 1102 2426 iere
1123 2377 1273 2427 contentus
1293 2387 1369 2445 quae
1389 2369 1428 2428 ad
1442 2388 1537 2427 emen-

325 2473 472 2532 dationem
494 2477 566 2546 apta
587 2481 614 2528 et
635 2470 798 2530 necessaria
818 2477 924 2530 essent.
965 2470 1030 2528 Hoc
1056 2471 1132 2529 euim
1158 2472 1290 2548 inprimis
1315 2471 1468 2532 consilium
1495 2491 1538 2530 se·

323 2584 407 2635 cutus
427 2593 491 2632 sum
514 2585 546 2631 ut
566 2574 806 2649 epigrammatum
827 2574 916 2631 verba
935 2573 1132 2632 emendatiora
1151 2593 1240 2650 quam
1260 2574 1353 2633 adhuc
1373 2575 1541 2651 legebantur
1615 2575 1616 2650 l

322 2696 525 2757 proponerem,
558 2677 636 2751 quod
665 2676 730 2732 fieri
759 2677 854 2751 potuit
877 2677 923 2733 uel
949 2675 1120 2734 melioribus
1145 2677 1264 2736 adscitis
1292 2677 1468 2754 apographis
1495 2678 1540 2736 vel
1615 2669 1616 2678 ¹

322 2781 496 2842 deteriorum
532 2779 588 2836 fide
621 2778 785 2836 adcuratius
812 2778 979 2836 examinata
1008 2778 1055 2836 vel
1086 2777 1201 2837 selectis
1231 2779 1380 2838 doctorum
1410 2781 1541 2838 virorum

325 2881 585 2942 emendationibus.
626 2879 666 2936 Et
687 2881 739 2937 has
764 2880 880 2956 quidem
907 2880 1025 2938 minime
1055 2881 1176 2939 adfirmo
1205 2899 1303 2940 omnes
1333 2901 1379 2940 me
1409 2884 1542 2960 cognitas

325 2986 474 3055 habuisse,
496 2983 547 3041 sed
567 2983 645 3057 quod
666 3001 771 3059 paucas
792 2983 953 3041 memoravi
971 2982 1037 3040 hinc
1057 2983 1147 3041 nolim
1167 2983 1293 3060 reliquas
1319 3004 1366 3042 me
1390 2985 1542 3062 ignorasse

323 3088 499 3164 conligatur;
532 3085 715 3161 praetermisi
741 3085 817 3142 enirn
843 3085 987 3162 quidquid
1018 3084 1161 3144 inutiliter
1189 3096 1238 3144 aut
1263 3086 1339 3146 salso
1358 3087 1541 3165 disputatum

323 3190 369 3250 rel
390 3190 550 3249 coniectum
571 3187 763 3246 demonstrari
783 3197 905 3264 poterat,
928 3209 963 3246 ue
983 3207 1071 3263 supra
1096 3188 1215 3247 modum
1240 3189 1309 3248 libri
1335 3190 1426 3248 moles
1452 3211 1540 3268 auge-

323 3300 404 3352 retur
424 3311 496 3350 neue
518 3290 702 3365 vituperandi
724 3301 819 3348 essent
839 3309 912 3367 quos
933 3299 983 3350 aut
1003 3291 1123 3350 laudare
1142 3290 1261 3350 mallem
1281 3301 1332 3350 aut
1346 3313 1381 3350 ne
1395 3291 1542 3369 vituperio

324 3397 440 3473 quidem
472 3395 577 3471 dignos
609 3401 750 3468 putarem.
790 3393 908 3453 Praeter
928 3393 1107 3452 Boeckhium
1138 3401 1168 3451 et
1186 3392 1403 3454 Kirchboffium
1433 3399 1543 3472 quibus

324 3498 459 3575 equidem
481 3495 634 3555 laudandis
655 3515 713 3553 non
733 3515 787 3572 par
801 3515 866 3556 sum
879 3496 1038 3555 felicissimi
1052 3497 1291 3574 epigrammatum
1307 3499 1438 3558 uindices
1452 3509 1543 3578 atque

326 3602 529 3662 emendatores
550 3599 708 3656 extiterunt
728 3597 893 3658 Fridericus
911 3598 1018 3659 Jacobs
1038 3603 1068 3658 et
1088 3599 1271 3659 Godofrcdus
1282 3599 1442 3676 Hermann,
1463 3603 1543 3662 alter

323 3704 424 3763 horum
437 3703 597 3762 studiorum
612 3701 730 3759 omnino
742 3701 886 3778 princeps,
897 3701 971 3761 alter
984 3702 1037 3762 boc
1047 3703 1232 3778 potissimum
1244 3704 1360 3764 nomine
1370 3705 1543 3781 praeclarus

325 3807 405 3883 quod
426 3806 483 3864 etsi
503 3824 560 3863 uon
582 3804 688 3880 ubique
708 3823 807 3862 verum
828 3806 967 3882 reperiret
992 3805 1099 3881 ubique
1123 3811 1222 3865 umen
1243 3805 1280 3864 ad
1306 3824 1405 3864 verum
1430 3809 1544 3883 reperi-

324 3909 429 3968 endum
450 3908 525 3966 viam
547 3917 729 3966 monstraret.
764 3907 907 3967 Privatim
928 3915 1044 3987 praeter
1065 3927 1116 3968 vos
1136 3911 1227 3985 ipsos,
1244 3908 1412 3967 Hermanne
1427 3907 1544 3970 Vsener

324 4022 352 4069 et
372 4011 528 4069 Francisce
548 4008 715 4082 Buecheler,
737 4011 787 4085 qui
812 4009 943 4069 haerenti
969 4013 1040 4070 mihi
1066 4031 1214 4088 nunquam
1244 4012 1383 4071 auxilium
1414 4011 1543 4090 denega·

324 4114 422 4184 vistis,
459 4132 544 4170 unum
579 4122 698 4170 nanctus
733 4131 798 4171 sum
831 4115 927 4189 operis
961 4125 1110 4191 tamquam
1149 4116 1259 4173 socium
1294 4113 1467 4174 Vdalricum
1505 4117 1544 4176 de

324 4214 528 4288 Wilamowitz,
550 4215 598 4290 qui
621 4225 649 4272 et
670 4215 886 4294 interpretando
907 4223 937 4278 et
951 4217 1130 4303 emendando
1150 4218 1220 4295 quid
1241 4217 1369 4297 potuerit
1390 4223 1544 4294 praestare
