3260 4914
783 1601 850 1640 regas
873 1592 896 1630 ta
915 1593 970 1630 toan
991 1595 1060 1640 tacete
1081 1594 1162 1632 seuam
1184 1597 1216 1630 ert

782 1659 868 1708 spiram
881 1668 973 1707 aequam
986 1669 1052 1709 mque
1067 1659 1089 1698 ts
1103 1661 1162 1698 rrrato
1176 1669 1218 1698 sca

782 1724 871 1775 aliquod
883 1725 966 1766 bonam

1185 1808 1260 1848 Varro.

154 1993 295 2088 Vestrae
314 2027 382 2087 fidei
404 2037 569 2107 vestroque,
598 2029 652 2087 riri
675 2030 788 2108 optimi,
813 2030 903 2088 amori
928 2029 1064 2106 quoniam
1084 2029 1159 2088 huno
1184 2029 1291 2088 librum

78 2133 323 2191 conmendaturus
345 2150 407 2190 sum
432 2131 535 2210 paucis
562 2150 706 2208 exponere
732 2133 813 2192 decet
838 2131 937 2210 qualis
963 2151 1048 2207 quern
1074 2137 1142 2191 ante
1166 2132 1220 2190 hos
1241 2151 1290 2192 sex

79 2255 167 2294 annos
197 2245 363 2294 nascentem
388 2235 503 2294 vidistis
528 2233 729 2312 singularique
754 2236 850 2295 studio
875 2235 989 2294 fovistis
1019 2234 1077 2292 iam
1107 2233 1225 2294 adultus
1256 2235 1293 2294 ad

79 2357 127 2396 ros
149 2337 260 2398 redeat.

152 2440 375 2517 Epigrammata
394 2458 498 2518 graeca
524 2459 541 2498 e
566 2438 713 2516 lapidibus
738 2447 860 2516 excepta
887 2440 993 2516 triplex
1013 2441 1069 2498 luit
1092 2457 1197 2498 munus
1224 2459 1292 2498 con·

78 2541 185 2618 ligendi
207 2541 379 2600 emendandi
400 2542 569 2616 adnotandi,
590 2563 713 2620 quorum
734 2541 861 2620 primum
883 2561 954 2602 sane
972 2562 1030 2601 non
1049 2561 1141 2618 aeque
1154 2543 1223 2600 mibi
1239 2542 1294 2602 luit

80 2643 199 2703 difficile
221 2655 248 2703 et
269 2644 433 2722 ambiguum
453 2663 540 2720 quarn
561 2645 604 2704 eis
625 2647 673 2724 qui
694 2645 763 2704 olim
785 2645 910 2703 similem
930 2664 990 2703 rem
1011 2643 1141 2722 adgressi
1161 2651 1293 2701 nontam

81 2747 269 2825 conlegerunt
298 2747 508 2825 epigrammata
538 2765 625 2824 quam
655 2747 812 2825 elegerunt.
863 2747 936 2804 Mihi
971 2767 1039 2806 raro
1069 2765 1133 2805 oum
1164 2745 1292 2803 omnium

82 2855 225 2927 quotquot
245 2869 282 2907 ex
302 2847 448 2925 lapidibus
469 2847 616 2926 descripta
634 2850 777 2909 habentur
797 2849 1035 2926 epigrammatum
1050 2867 1218 2926 graecorum
1232 2867 1291 2906 non

79 2951 193 3030 eclogem
225 2953 275 3010 sed
303 2949 435 3028 syllogen
461 2951 577 3028 plenam
607 2953 667 3010 sere
697 2963 726 3011 et
755 2952 917 3012 absolutam
949 2971 1109 3029 proponere
1138 2951 1291 3009 consilium

81 3055 173 3128 luerit,
197 3054 223 3111 si
244 3072 320 3130 quae
340 3053 543 3112 desiderantur
563 3073 598 3112 ea
617 3073 713 3114 errore
734 3055 878 3134 culpaque
897 3074 962 3112 mea
983 3055 1089 3113 omissa
1114 3054 1290 3131 putaveritis.

79 3155 216 3216 Consulto
234 3175 303 3215 vero
324 3155 409 3214 omisi
429 3175 494 3214 cum
514 3175 549 3215 ea
570 3176 645 3233 quae
671 3158 744 3218 adeo
771 3157 877 3216 mutila
904 3165 985 3215 erant
1010 3163 1043 3214 ut
1067 3177 1104 3217 ne
1129 3157 1164 3215 de
1189 3165 1292 3215 natura

82 3259 198 3334 quidem
219 3258 297 3317 tituli
317 3258 420 3335 integri
441 3258 562 3318 iudicari
582 3271 683 3337 posset
703 3269 763 3320 tum
784 3281 819 3319 ea
840 3279 914 3337 quae
934 3280 970 3319 ex
990 3259 1138 3320 codicibus
1159 3257 1292 3318 antholo-

82 3363 169 3437 giisre
189 3363 284 3439 petita
304 3361 412 3419 iniuria
425 3359 608 3438 aliquamdiu
622 3363 698 3422 inter
710 3364 810 3423 titulos
824 3363 998 3436 ferebantur,
1019 3362 1099 3420 relnt
1116 3361 1294 3438 epigramma

78 3461 199 3522 Hesiodi
220 3463 334 3541 tripodi
356 3463 535 3541 inscriptum,
556 3463 673 3524 Homeri
696 3465 866 3545 Sapphonis
888 3465 1029 3543 Diogenis
1050 3461 1179 3541 Oppiani
1199 3461 1292 3541 epita·

80 3565 153 3643 phia,
185 3565 311 3643 Pythiae
337 3565 460 3643 denique
486 3566 634 3626 oraculum
660 3569 706 3644 (C.
728 3569 757 3628 d.
786 3569 873 3645 1724)
898 3565 1058 3646 aGyriaco
1083 3585 1119 3624 ex
1144 3563 1293 3624 codicibus

86 3669 307 3746 transscriptum
332 3675 363 3727 et
387 3687 406 3726 a
429 3669 601 3729 Moroniano
626 3691 661 3730 ex
692 3671 730 3732 H.
756 3671 895 3748 Stephani
921 3670 1047 3729 editione
1077 3667 1293 3745 interpolatum,

83 3779 115 3829 nt
134 3779 250 3830 taceam
271 3771 308 3830 de
321 3771 441 3830 Aureoli
463 3771 548 3831 titulo
568 3773 714 3833 vilissimo
728 3773 775 3851 (0.
790 3773 819 3834 J.
834 3773 933 3850 6761),
955 3791 1012 3850 quo
1030 3773 1148 3832 tandem
1160 3771 1295 3830 liberarit

85 3893 133 3933 nos
160 3873 336 3934 Mommseni
369 3874 498 3950 prudens
528 3875 665 3936 iudicium
693 3877 794 3953 (Anat.
816 3881 902 3953 epigr.
924 3893 952 3952 p.
975 3875 1054 3952 255).
1095 3874 1177 3932 Haec
1206 3873 1294 3950 igitur

79 3995 135 4035 cum
155 3997 215 4036 non
243 3975 401 4035 verendum
426 3975 465 4036 sit
493 3999 529 4037 ne
556 3998 614 4055 quo
639 3981 729 4039 inrito
756 3979 1010 4057 praetermiserim,
1038 3977 1144 4035 rectius
1170 3977 1293 4034 fortasse

83 4080 141 4139 ideo
162 4079 336 4155 inculpabor
357 4079 436 4155 quod
457 4099 492 4139 ea
511 4101 569 4140 non
583 4084 678 4159 recepi
699 4101 773 4160 quae
787 4083 842 4141 etsi
856 4101 941 4140 nemo
955 4079 1122 4138 recentioris
1137 4078 1294 4137 memoriae

80 4182 104 4237 in
126 4181 224 4258 lapide
243 4182 351 4242 viderit
371 4191 469 4242 tamen
490 4203 557 4243 vere
577 4185 718 4264 inscripta
738 4186 828 4244 luisse
849 4195 899 4242 aut
923 4181 1157 4242 luculentissimis
1183 4189 1294 4240 constet

79 4284 252 4344 testimoniis
272 4295 323 4344 aut
344 4286 506 4346 certissime
526 4287 719 4348 demonstrari
739 4289 845 4367 possit,
867 4285 947 4345 velut
968 4303 1042 4362 quae
1056 4283 1086 4341 in
1100 4283 1293 4362 Anthologiae
