3264 4918
643 437 777 508 praelatio.
1239 463 1313 510 xvpp

116 605 214 667 nondae
233 613 333 686 rogatu
353 606 565 678 Xenocratem
599 625 685 684 quem
704 607 839 686 clypeum
862 607 1042 686 conspicatos
1067 608 1313 674 Lacedaemonios

115 709 216 785 legisse.
254 708 335 770 lianc
356 709 520 772 Pausaniae
544 709 742 769 narrationem
763 729 829 768 cum
849 711 1066 788 epigrammatis
1087 715 1228 774 memoria
1252 716 1312 775 iere

115 829 249 888 congruam
273 829 336 872 esse
363 813 507 873 intellexit
525 811 684 872 Buecheler
709 813 782 872 Mas.
811 813 897 871 Rlea.
917 813 1040 874 XXXII
1060 815 1189 893 479sq.,
1215 818 1311 894 ipsum

116 913 274 989 epigramma
293 933 351 974 non
371 917 450 976 omni
471 935 508 976 ex
528 923 611 994 parte
630 921 665 972 ut
683 915 755 974 mihi
776 915 889 974 ridetur
907 925 983 976 recte
1010 918 1228 996 interpretatus.
1263 919 1313 980 Sic

115 1014 246 1094 intellego:
275 1018 341 1076 dcem
364 1018 585 1078 Lacedaemonii
609 1021 639 1074 ia
666 1035 696 1076 eo
721 1027 762 1076 est
785 1027 818 1076 ut
840 1021 982 1077 vincerent
1002 1019 1203 1096 (confirmatur
1222 1021 1311 1100 igitur

114 1115 294 1196 Xenophontis
319 1120 456 1180 iudicium
476 1121 585 1180 Hellen.
608 1118 650 1177 vl
674 1119 771 1196 4,13)‚
800 1119 954 1180 Xenocrati
979 1131 1054 1182 sorte
1079 1123 1174 1200 obtigit
1200 1123 1312 1200 (sortiti

115 1226 197 1280 autem
216 1227 298 1282 mant
314 1233 431 1302 praeter
451 1223 547 1302 ipsum
560 1221 768 1300 Theopompus
789 1227 819 1280 et
839 1222 1012 1299 Mnasilaus)
1034 1234 1062 1281 ut
1081 1225 1144 1282 Iovi
1169 1236 1311 1302 capacem

117 1325 236 1395 adferret.
278 1325 319 1384 Et
343 1325 444 1384 aduella
468 1325 514 1384 ille
539 1326 654 1384 lodium
685 1327 780 1400 copiae
809 1343 944 1401 anaeque
972 1344 1149 1402 nequaquam
1178 1338 1311 1388 measa:

116 1429 149 1482 stc
160 1431 261 1502 sectam
279 1439 310 1486 ut
333 1427 454 1486 Thebani
476 1430 590 1486 victores
610 1443 624 1484 e
641 1443 739 1504 pupae
759 1427 942 1501 discederent,
974 1431 1053 1486 ccicc
1073 1433 1114 1488 ree'
1132 1433 1311 1490 readmoaicm

116 1537 241 1602 rapacum
260 1539 300 1589 est
318 1529 447 1589 Leuctris
466 1533 594 1606 positum.
636 1527 773 1604 Princeps
793 1529 901 1604 quidem
921 1533 1053 1590 victoriae
1076 1543 1172 1591 auctor
1191 1533 1310 1610 Epami·

115 1633 208 1690 rondes
224 1635 283 1707 suit
303 1631 402 1708 (Diod.
424 1629 484 1690 XV
503 1629 599 1708 563),
624 1648 673 1688 nos
692 1648 758 1688 cero
774 1640 894 1706 propter
919 1633 1011 1690 utilem
1032 1651 1129 1693 atreus
1149 1637 1311 1696 celeritatem

117 1732 157 1789 illo
174 1737 216 1792 oia
235 1739 387 1812 testatores.
419 1733 552 1810 Adparet
571 1752 608 1791 ex
622 1731 667 1792 his
681 1731 874 1810 periculosum
888 1733 1007 1812 aliquod
1021 1753 1073 1812 per
1087 1737 1198 1798 medios
1212 1737 1311 1798 hostes

116 1833 162 1894 iter
190 1837 287 1898 iecisse
316 1837 508 1897 Xenocratem
538 1835 574 1895 ad
602 1835 821 1913 reciperandum
847 1835 921 1895 illud
951 1838 1029 1914 quod
1059 1835 1122 1898 Iovi
1157 1849 1311 1919 poneretur

117 1945 265 2015 tropaeum,
294 1941 417 2017 adparet
441 1957 500 1999 non
524 1937 622 1998 minus
648 1937 695 2013 (cl.
716 1956 743 1996 v.
769 1935 801 2014 6)
828 1939 967 2016 singulari
992 1941 1115 2017 quadam
1141 1943 1194 2002 hac
1223 1943 1251 2003 in
1279 1965 1311 2004 re

118 2040 249 2103 eeleritate
269 2062 342 2122 opus
363 2043 461 2104 fnisse.
493 2041 663 2120 Tropaeum
682 2041 768 2117 quale
787 2041 909 2118 ineufi)
929 2044 1034 2102 mirum
1054 2047 1197 2122 estquod
1217 2066 1254 2106 ex
1273 2048 1311 2106 ti·

114 2142 165 2201 tulo
182 2163 235 2204 non
254 2147 392 2206 discimus
406 2147 535 2224 (hmtsm
549 2144 626 2204 enim
640 2143 731 2203 luisse
744 2143 821 2202 haud
836 2151 910 2203 recte
925 2144 1083 2205 Buecheler
1096 2167 1132 2206 ex
1153 2168 1198 2206 vv.
1217 2151 1230 2205 l
1249 2149 1310 2208 eto
1374 2177 1378 2184 ·

115 2245 248 2324 conlegit);
267 2249 319 2310 sed
339 2257 368 2308 et
387 2249 444 2307 hoc
463 2254 494 2306 et
512 2248 616 2308 inscita
635 2246 774 2306 narrandi
793 2247 879 2320 ratio,
898 2247 1035 2308 dictionis
1054 2249 1269 2310 inconcinnitas
1282 2260 1311 2310 et

22 2403 23 2408 ,
116 2347 270 2426 obscuritas,
290 2351 409 2412 dialecti
429 2350 625 2410 inconstantia
645 2351 685 2426 (v.
701 2351 719 2408 5
733 2341 824 2427 drapo
839 2369 873 2408 eo
886 2351 979 2427 magis
994 2351 1073 2410 ducit
1086 2363 1118 2410 ut
1130 2353 1311 2431 epigramma

114 2467 165 2509 non
182 2455 332 2514 ursaecnlo
353 2453 405 2513 sed
423 2459 555 2530 tempore
575 2451 726 2529 aliquanto
739 2452 896 2511 recentiore
910 2453 1050 2529 scriptum
1064 2462 1207 2531 putemus,
1222 2475 1309 2532 quarn

114 2571 142 2610 ec
164 2565 192 2613 ut
208 2556 249 2615 rei
273 2557 442 2618 memoriam
467 2574 485 2613 a
510 2554 661 2614 Pausania
684 2553 823 2613 traditam
848 2553 984 2613 fabulosa
1009 2560 1170 2632 temporum
1196 2557 1309 2634 longin-

112 2656 208 2730 quitate
226 2661 410 2720 obscuratam
429 2659 569 2717 dicamus.
590 2687 629 2701 -
650 2654 772 2716 3Diod.
793 2653 853 2714 XV
874 2655 940 2729 532
962 2654 985 2714 cl
1005 2652 1033 2715 dl
1053 2649 1162 2717 Βοιωτοὶ
1184 2691 1218 2703 -
1241 2682 1309 2718 aar·

112 2747 204 2834 trc'qaer
235 2755 297 2833 τοὺς
327 2757 559 2841 neurospasta
583 2759 729 2840 iurgare<
753 2747 826 2818 ἅπαν
851 2757 881 2816 ri
907 2750 1072 2839 Λευκτρικὸν
1103 2753 1203 2836 asdor,
1233 2761 1310 2838 quod

112 2859 252 2924 Xenocrati
271 2867 388 2926 ridetur
407 2864 632 2943 percurrendum
652 2861 749 2922 fnisse
771 2893 806 2906 -
822 2861 840 2920 5
860 2853 992 2941 νικαῲέρα
1013 2855 1086 2943 aad
1107 2851 1223 2942 spinare
1242 2871 1311 2924 sunt

118 2967 223 3041 tropaea
246 2969 353 3046 quibus
379 2968 502 3028 victoria
529 2965 617 3026 armis
641 2973 728 3042 parta
746 2964 900 3026 indicatur.
922 2998 958 3009 —
980 2965 1209 3026 transbearet
1228 2967 1309 3044 Epa·

113 3071 283 3131 euaderet
303 3071 487 3144 Xerrocratee,
507 3069 579 3128 alter
599 3077 693 3128 matra
714 3068 800 3126 hostes
819 3069 889 3128 alter
908 3080 1051 3145 ceparum
1070 3080 1099 3127 ct
1118 3079 1259 3145 repeteret

112 3239 175 3307 ⁷84.
212 3249 304 3310 Gravi
324 3268 389 3309 meo
409 3268 507 3309 errore
526 3249 636 3308 factum
656 3257 700 3308 est
718 3253 753 3306 nt
772 3247 989 3325 epigrammatis
1009 3247 1094 3309 huius
1115 3256 1145 3308 et
1164 3247 1254 3307 verba
1282 3257 1311 3307 ct

110 3351 217 3408 uectem
239 3371 394 3431 perperam
419 3352 634 3412 constituerem.
679 3349 767 3410 Teste
791 3350 868 3409 enim
892 3350 1061 3411 Froehnero
1087 3367 1106 3409 v
1132 3370 1159 3411 a.
1189 3349 1256 3410 Chr.
1280 3371 1306 3411 n.

108 3451 209 3510 soeculo
227 3456 367 3533 scriptum
386 3464 439 3527 est,
459 3453 614 3533 legendum
636 3463 733 3514 autem
753 3454 805 3514 sic:

248 3581 390 3669 Τέρπων
411 3575 483 3663 εἰμὶ
505 3584 592 3658 θεᾶς
614 3575 778 3665 θεράπων
800 3581 922 3667 σεμνῆς
938 3571 1151 3665 Ἀφροδίτης·

240 3686 313 3759 τοῖς
336 3679 373 3747 δὲ
397 3679 631 3772 καταστήσασι
654 3675 788 3769 Κύπρις
808 3675 904 3768 χάριν
926 3674 1145 3766 ἂνταποδοίη.

173 3813 290 3898 Terpon
313 3839 414 3881 eornm
433 3820 605 3882 daemonum
626 3838 745 3880 numero
765 3816 876 3879 accedit
895 3817 996 3894 quales
1011 3823 1079 3877 sunt
1090 3803 1189 3898 Trigor
1200 3807 1308 3898 Γοργόν

107 3914 235 3993 Κηδαλίωι
254 3923 314 3986 alii

106 4109 288 4134 Q———u-

164 4173 294 4243 'lincaeo
311 4180 344 4236 dc
361 4196 436 4236 sacro
453 4180 554 4251 clypeo,
574 4193 649 4250 quem
669 4145 698 4234 ts
715 4177 763 4234 τοῦ
783 4179 835 4234 real
852 4177 898 4246 τῆς
913 4175 1031 4246 Ἀθηνᾶς
1054 4179 1101 4246 τῆς
1121 4177 1235 4242 Ἰλιάδος
1258 4183 1309 4234 lc-

106 4255 152 4321 ltlt
177 4259 234 4333 ἅμα
265 4259 295 4320 οἶ
321 4262 396 4338 εἶχεν
423 4266 610 4338 Ἀλέξανδρος
638 4269 685 4322 real
713 4265 768 4339 πρὸ
798 4261 885 4320 αὑτοῦ
916 4267 1028 4338 ἐφέρετο
1060 4265 1091 4322 ἐν
1120 4271 1180 4328 ταῖς
1207 4264 1310 4335 μάχαις

108 4341 194 4405 Anien
211 4351 294 4410 mad.
311 4353 351 4410 vl
370 4357 422 4422 aa.

146 4451 222 4508 snae,
235 4456 397 4508 κρίςηιιιιιιιι
410 4467 494 4509 mm.
1093 4433 1108 4488 b
