<?xml version="1.0" encoding="UTF-8"?>
<!DOCTYPE html PUBLIC "-//W3C//DTD XHTML 1.0 Transitional//EN"
    "http://www.w3.org/TR/xhtml1/DTD/xhtml1-transitional.dtd">
<html xmlns="http://www.w3.org/1999/xhtml" xml:lang="en" lang="en">
 <head>
  <title>
</title>
<meta http-equiv="Content-Type" content="text/html;charset=utf-8" />
  <meta name='ocr-system' content='tesseract 3.04.00' />
  <meta name='ocr-capabilities' content='ocr_page ocr_carea ocr_par ocr_line ocrx_word'/>
</head>
<body>
  <div class='ocr_page' id='page_1' title='image "./epigrammatagrae01kaibgoog_0571.png"; bbox 0 0 3168 4908; ppageno 0'>
   <div class='ocr_carea' id='block_1_1' title="bbox 311 375 986 444">
    <p class='ocr_par' dir='ltr' id='par_1_1' title="bbox 311 375 986 444">
     <span class='ocr_line' id='line_1_1' title="bbox 311 375 986 444; baseline 0.001 -15"><span class='ocrx_word' id='word_1_1' title='bbox 311 379 377 444; x_wconf 66' lang='lat'>536</span> <span class='ocrx_word' id='word_1_2' title='bbox 859 375 986 430; x_wconf 84' lang='lat' dir='ltr'>addenda.</span> 
     </span>
    </p>
   </div>
   <div class='ocr_carea' id='block_1_2' title="bbox 311 545 1531 1280">
    <p class='ocr_par' dir='ltr' id='par_1_2' title="bbox 311 545 1531 1280">
     <span class='ocr_line' id='line_1_2' title="bbox 315 545 1531 623; baseline 0.002 -20"><span class='ocrx_word' id='word_1_3' title='bbox 315 547 371 605; x_wconf 92' lang='lat' dir='ltr'>nisi</span> <span class='ocrx_word' id='word_1_4' title='bbox 391 565 477 605; x_wconf 91' lang='lat' dir='ltr'>unum</span> <span class='ocrx_word' id='word_1_5' title='bbox 496 546 641 604; x_wconf 89' lang='lat' dir='ltr'>hominem</span> <span class='ocrx_word' id='word_1_6' title='bbox 667 563 789 622; x_wconf 89' lang='lat' dir='ltr'>eumque</span> <span class='ocrx_word' id='word_1_7' title='bbox 815 546 910 621; x_wconf 88' lang='lat' dir='ltr'>ipsum</span> <span class='ocrx_word' id='word_1_8' title='bbox 932 545 1132 605; x_wconf 88' lang='lat' dir='ltr'><strong>Philemonem</strong></span> <span class='ocrx_word' id='word_1_9' title='bbox 1156 546 1266 605; x_wconf 89' lang='lat' dir='ltr'>duobus</span> <span class='ocrx_word' id='word_1_10' title='bbox 1291 547 1351 606; x_wconf 87' lang='lat' dir='ltr'>illia</span> <span class='ocrx_word' id='word_1_11' title='bbox 1378 566 1439 605; x_wconf 91' lang='lat' dir='ltr'>nno</span> <span class='ocrx_word' id='word_1_12' title='bbox 1465 554 1531 623; x_wconf 83' lang='lat' dir='ltr'>post</span> 
     </span>
     <span class='ocr_line' id='line_1_3' title="bbox 315 639 1529 718; baseline 0.003 -22"><span class='ocrx_word' id='word_1_13' title='bbox 315 639 439 698; x_wconf 88' lang='lat' dir='ltr'>alterum</span> <span class='ocrx_word' id='word_1_14' title='bbox 464 640 620 698; x_wconf 89' lang='lat' dir='ltr'>honoribus</span> <span class='ocrx_word' id='word_1_15' title='bbox 646 640 781 699; x_wconf 86' lang='lat' dir='ltr'>functum.</span> <span class='ocrx_word' id='word_1_16' title='bbox 822 639 924 716; x_wconf 89' lang='lat' dir='ltr'>ltaque</span> <span class='ocrx_word' id='word_1_17' title='bbox 945 660 971 697; x_wconf 88' lang='lat' dir='ltr'>v.</span> <span class='ocrx_word' id='word_1_18' title='bbox 996 642 1009 698; x_wconf 91' lang='lat' dir='ltr'>l</span> <span class='ocrx_word' id='word_1_19' title='bbox 1038 641 1075 698; x_wconf 91' lang='lat' dir='ltr'>ab</span> <span class='ocrx_word' id='word_1_20' title='bbox 1105 641 1189 699; x_wconf 87' lang='lat' dir='ltr'>initio</span> <span class='ocrx_word' id='word_1_21' title='bbox 1218 641 1356 718; x_wconf 84' lang='lat' dir='ltr'>generale</span> <span class='ocrx_word' id='word_1_22' title='bbox 1384 642 1529 718; x_wconf 82' lang='lat' dir='ltr'>quoddam</span> 
     </span>
     <span class='ocr_line' id='line_1_4' title="bbox 313 733 1530 808; baseline -0.001 -17"><span class='ocrx_word' id='word_1_23' title='bbox 313 733 395 791; x_wconf 78' lang='lat' dir='ltr'>velut</span> <span class='ocrx_word' id='word_1_24' title='bbox 414 737 497 792; x_wconf 83' lang='lat' dir='ltr'>amici</span> <span class='ocrx_word' id='word_1_25' title='bbox 517 734 561 792; x_wconf 89' lang='lat' dir='ltr'>vel</span> <span class='ocrx_word' id='word_1_26' title='bbox 580 739 676 792; x_wconf 72' lang='lat' dir='ltr'>mma</span> <span class='ocrx_word' id='word_1_27' title='bbox 698 733 869 793; x_wconf 87' lang='lat' dir='ltr'>vocabulum</span> <span class='ocrx_word' id='word_1_28' title='bbox 888 734 1081 808; x_wconf 74' lang='lat' dir='ltr'>requirebam,</span> <span class='ocrx_word' id='word_1_29' title='bbox 1102 755 1128 794; x_wconf 85' lang='lat' dir='ltr'>v.</span> <span class='ocrx_word' id='word_1_30' title='bbox 1150 734 1167 791; x_wconf 74' lang='grc'>2</span> <span class='ocrx_word' id='word_1_31' title='bbox 1188 735 1364 793; x_wconf 86' lang='lat' dir='ltr'>adiectivum</span> <span class='ocrx_word' id='word_1_32' title='bbox 1391 733 1530 794; x_wconf 83' lang='lat' dir='ltr'>vocabulo</span> 
     </span>
     <span class='ocr_line' id='line_1_5' title="bbox 315 815 1531 906; baseline 0.001 -22"><span class='ocrx_word' id='word_1_33' title='bbox 315 815 484 906; x_wconf 56' lang='grc' dir='ltr'>σταχύεσσιν</span> <span class='ocrx_word' id='word_1_34' title='bbox 514 828 676 886; x_wconf 87' lang='lat' dir='ltr'>addendum</span> <span class='ocrx_word' id='word_1_35' title='bbox 708 827 897 903; x_wconf 81' lang='lat' dir='ltr'><strong>postulabant</strong></span> <span class='ocrx_word' id='word_1_36' title='bbox 927 827 1044 903; x_wconf 85' lang='lat' dir='ltr'>linguae</span> <span class='ocrx_word' id='word_1_37' title='bbox 1072 847 1191 905; x_wconf 76' lang='lat' dir='ltr'>graecae</span> <span class='ocrx_word' id='word_1_38' title='bbox 1220 827 1312 905; x_wconf 86' lang='lat' dir='ltr'>leges;</span> <span class='ocrx_word' id='word_1_39' title='bbox 1342 849 1369 888; x_wconf 81' lang='lat' dir='ltr'>v.</span> <span class='ocrx_word' id='word_1_40' title='bbox 1391 830 1410 886; x_wconf 86' lang='lat'><strong>3</strong></span> <span class='ocrx_word' id='word_1_41' title='bbox 1432 839 1531 886; x_wconf 75' lang='lat' dir='ltr'>matra</span> 
     </span>
     <span class='ocr_line' id='line_1_6' title="bbox 314 917 1529 1001; baseline 0.001 -25"><span class='ocrx_word' id='word_1_42' title='bbox 314 921 504 994; x_wconf 76' lang='lat' dir='ltr'>Auprtstorum</span> <span class='ocrx_word' id='word_1_43' title='bbox 519 921 684 979; x_wconf 74' lang='lat' dir='ltr'>dubitanter</span> <span class='ocrx_word' id='word_1_44' title='bbox 699 920 793 992; x_wconf 89' lang='lat' dir='ltr'>intuli,</span> <span class='ocrx_word' id='word_1_45' title='bbox 809 921 860 979; x_wconf 83' lang='lat' dir='ltr'>sed</span> <span class='ocrx_word' id='word_1_46' title='bbox 876 921 910 978; x_wconf 79' lang='lat' dir='ltr'>ci.</span> <span class='ocrx_word' id='word_1_47' title='bbox 926 940 1015 997; x_wconf 88' lang='lat' dir='ltr'>supra</span> <span class='ocrx_word' id='word_1_48' title='bbox 1031 942 1058 978; x_wconf 95' lang='lat' dir='ltr'>n.</span> <span class='ocrx_word' id='word_1_49' title='bbox 1078 922 1151 980; x_wconf 86' lang='lat'>1046</span> <span class='ocrx_word' id='word_1_50' title='bbox 1162 942 1188 981; x_wconf 88' lang='lat' dir='ltr'>v.</span> <span class='ocrx_word' id='word_1_51' title='bbox 1200 923 1236 982; x_wconf 80' lang='lat'>56</span> <span class='ocrx_word' id='word_1_52' title='bbox 1247 917 1387 1001; x_wconf 69' lang='grc' dir='ltr'>Καίσαρος</span> <span class='ocrx_word' id='word_1_53' title='bbox 1407 917 1529 1000; x_wconf 61' lang='lat' dir='ltr'>{ptimo</span> 
     </span>
     <span class='ocr_line' id='line_1_7' title="bbox 313 1003 1530 1093; baseline 0.001 -21"><span class='ocrx_word' id='word_1_54' title='bbox 313 1003 469 1093; x_wconf 69' lang='grc' dir='ltr'>παρᾶψετσιι</span> <span class='ocrx_word' id='word_1_55' title='bbox 488 1004 589 1092; x_wconf 71' lang='lat' dir='ltr'>iprum</span> <span class='ocrx_word' id='word_1_56' title='bbox 610 1008 697 1093; x_wconf 62' lang='grc' dir='ltr'><em>μήτηρ</em></span> <span class='ocrx_word' id='word_1_57' title='bbox 718 1033 781 1070; x_wconf 91' lang='lat' dir='ltr'>cum</span> <span class='ocrx_word' id='word_1_58' title='bbox 801 1031 867 1071; x_wconf 89' lang='lat' dir='ltr'>mea</span> <span class='ocrx_word' id='word_1_59' title='bbox 887 1013 984 1074; x_wconf 85' lang='lat' dir='ltr'>adnot.</span> <span class='ocrx_word' id='word_1_60' title='bbox 1026 1015 1167 1073; x_wconf 81' lang='lat' dir='ltr'>Faustina</span> <span class='ocrx_word' id='word_1_61' title='bbox 1187 1016 1300 1088; x_wconf 88' lang='lat' dir='ltr'>dicitur,</span> <span class='ocrx_word' id='word_1_62' title='bbox 1325 1016 1446 1075; x_wconf 80' lang='lat' dir='ltr'>Aurelii</span> <span class='ocrx_word' id='word_1_63' title='bbox 1473 1035 1530 1073; x_wconf 81' lang='lat' dir='ltr'>rna-</span> 
     </span>
     <span class='ocr_line' id='line_1_8' title="bbox 312 1106 1530 1184; baseline 0.002 -18"><span class='ocrx_word' id='word_1_64' title='bbox 312 1117 363 1178; x_wconf 87' lang='lat' dir='ltr'>ter,</span> <span class='ocrx_word' id='word_1_65' title='bbox 379 1106 492 1168; x_wconf 86' lang='lat' dir='ltr'>Cereris</span> <span class='ocrx_word' id='word_1_66' title='bbox 512 1109 608 1184; x_wconf 88' lang='lat' dir='ltr'>specie</span> <span class='ocrx_word' id='word_1_67' title='bbox 626 1109 736 1181; x_wconf 75' lang='lat' dir='ltr'>induta,</span> <span class='ocrx_word' id='word_1_68' title='bbox 756 1127 849 1184; x_wconf 89' lang='lat' dir='ltr'>neque</span> <span class='ocrx_word' id='word_1_69' title='bbox 870 1127 957 1166; x_wconf 86' lang='lat' dir='ltr'>unam</span> <span class='ocrx_word' id='word_1_70' title='bbox 977 1109 1067 1169; x_wconf 83' lang='lat' dir='ltr'>fuisse</span> <span class='ocrx_word' id='word_1_71' title='bbox 1080 1110 1251 1168; x_wconf 87' lang='lat' dir='ltr'>Faustinam</span> <span class='ocrx_word' id='word_1_72' title='bbox 1269 1111 1301 1168; x_wconf 89' lang='lat' dir='ltr'>in</span> <span class='ocrx_word' id='word_1_73' title='bbox 1315 1109 1435 1170; x_wconf 87' lang='lat' dir='ltr'>Cereris</span> <span class='ocrx_word' id='word_1_74' title='bbox 1450 1129 1530 1169; x_wconf 80' lang='lat' dir='ltr'>sacra</span> 
     </span>
     <span class='ocr_line' id='line_1_9' title="bbox 311 1202 887 1280; baseline 0.007 -22"><span class='ocrx_word' id='word_1_75' title='bbox 311 1202 534 1280; x_wconf 77' lang='lat' dir='ltr'>religionemque</span> <span class='ocrx_word' id='word_1_76' title='bbox 554 1203 696 1262; x_wconf 85' lang='lat' dir='ltr'>adscitam</span> <span class='ocrx_word' id='word_1_77' title='bbox 715 1209 817 1261; x_wconf 89' lang='lat' dir='ltr'>notum</span> <span class='ocrx_word' id='word_1_78' title='bbox 837 1211 887 1262; x_wconf 84' lang='lat' dir='ltr'>est</span> 
     </span>
    </p>
   </div>
   <div class='ocr_carea' id='block_1_3' title="bbox 310 1430 1533 1599">
    <p class='ocr_par' dir='ltr' id='par_1_3' title="bbox 310 1430 1533 1599">
     <span class='ocr_line' id='line_1_10' title="bbox 311 1430 1533 1508; baseline 0 -20"><span class='ocrx_word' id='word_1_79' title='bbox 311 1430 413 1494; x_wconf 72' lang='lat' dir='ltr'>asca</span> <span class='ocrx_word' id='word_1_80' title='bbox 454 1432 573 1508; x_wconf 83' lang='lat' dir='ltr'>Ephesi.</span> <span class='ocrx_word' id='word_1_81' title='bbox 613 1431 712 1491; x_wconf 87' lang='lat' dir='ltr'>Wood</span> <span class='ocrx_word' id='word_1_82' title='bbox 732 1433 923 1492; x_wconf 68' lang='lat' dir='ltr'>Dc&#39;scocmes:</span> <span class='ocrx_word' id='word_1_83' title='bbox 943 1434 1077 1508; x_wconf 81' lang='lat' dir='ltr'>inscript.</span> <span class='ocrx_word' id='word_1_84' title='bbox 1091 1435 1171 1507; x_wconf 76' lang='lat' dir='ltr'>froin</span> <span class='ocrx_word' id='word_1_85' title='bbox 1190 1432 1232 1490; x_wconf 79' lang='lat' dir='ltr'>tte</span> <span class='ocrx_word' id='word_1_86' title='bbox 1250 1437 1302 1490; x_wconf 81' lang='lat' dir='ltr'>aito</span> <span class='ocrx_word' id='word_1_87' title='bbox 1322 1437 1355 1508; x_wconf 78' lang='lat' dir='ltr'>os</span> <span class='ocrx_word' id='word_1_88' title='bbox 1370 1433 1415 1490; x_wconf 78' lang='lat' dir='ltr'>tle</span> <span class='ocrx_word' id='word_1_89' title='bbox 1437 1433 1533 1508; x_wconf 76' lang='lat' dir='ltr'>ternple</span> 
     </span>
     <span class='ocr_line' id='line_1_11' title="bbox 310 1527 553 1599; baseline 0.012 -16"><span class='ocrx_word' id='word_1_90' title='bbox 310 1528 344 1599; x_wconf 83' lang='lat' dir='ltr'>os</span> <span class='ocrx_word' id='word_1_91' title='bbox 359 1527 459 1585; x_wconf 81' lang='lat' dir='ltr'>Diona</span> <span class='ocrx_word' id='word_1_92' title='bbox 478 1545 505 1583; x_wconf 94' lang='lat' dir='ltr'>n.</span> <span class='ocrx_word' id='word_1_93' title='bbox 527 1527 553 1586; x_wconf 81' lang='lat'>7.</span> 
     </span>
    </p>
   </div>
   <div class='ocr_carea' id='block_1_4' title="bbox 306 1643 1531 1738">
    <p class='ocr_par' dir='ltr' id='par_1_4' title="bbox 306 1643 1531 1738">
     <span class='ocr_line' id='line_1_12' title="bbox 306 1643 1531 1738; baseline 0.002 -28"><span class='ocrx_word' id='word_1_94' title='bbox 306 1643 485 1715; x_wconf 79' lang='grc' dir='ltr'>Ὗσιατικὸν</span> <span class='ocrx_word' id='word_1_95' title='bbox 509 1648 692 1735; x_wconf 67' lang='lat' dir='ltr'>monimina</span> <span class='ocrx_word' id='word_1_96' title='bbox 710 1644 887 1732; x_wconf 82' lang='grc' dir='ltr'><em>Ύμμιόιόυ</em></span> <span class='ocrx_word' id='word_1_97' title='bbox 910 1647 1104 1736; x_wconf 78' lang='grc' dir='ltr'><strong><em>Κο[δράτου</em></strong></span> <span class='ocrx_word' id='word_1_98' title='bbox 1127 1650 1272 1738; x_wconf 79' lang='grc' dir='ltr'>πατ]ἑρα</span> <span class='ocrx_word' id='word_1_99' title='bbox 1296 1651 1482 1738; x_wconf 51' lang='lat' dir='ltr'>trepidastis</span> <span class='ocrx_word' id='word_1_100' title='bbox 1498 1699 1531 1713; x_wconf 93' lang='lat'>..</span> 
     </span>
    </p>
   </div>
   <div class='ocr_carea' id='block_1_5' title="bbox 373 1895 1302 2496">
    <p class='ocr_par' dir='ltr' id='par_1_5' title="bbox 373 1895 1302 2496">
     <span class='ocr_line' id='line_1_13' title="bbox 435 1895 1289 1989; baseline 0.005 -26"><span class='ocrx_word' id='word_1_101' title='bbox 435 1902 602 1989; x_wconf 76' lang='grc' dir='ltr'><strong><em>Παποίης</em></strong></span> <span class='ocrx_word' id='word_1_102' title='bbox 625 1899 745 1989; x_wconf 64' lang='grc' dir='ltr'><em>ἀρετῆς</em></span> <span class='ocrx_word' id='word_1_103' title='bbox 768 1897 932 1988; x_wconf 69' lang='grc' dir='ltr'>στάθμην,</span> <span class='ocrx_word' id='word_1_104' title='bbox 955 1900 1153 1987; x_wconf 78' lang='grc' dir='ltr'>ῥυσίπτολιν</span> <span class='ocrx_word' id='word_1_105' title='bbox 1175 1895 1289 1988; x_wconf 74' lang='grc' dir='ltr'><strong><em>ἄνδρα,</em></strong></span> 
     </span>
     <span class='ocr_line' id='line_1_14' title="bbox 516 1997 1236 2090; baseline 0.003 -23"><span class='ocrx_word' id='word_1_106' title='bbox 516 1999 628 2083; x_wconf 73' lang='grc' dir='ltr'><strong><em>ἔξοχον</em></strong></span> <span class='ocrx_word' id='word_1_107' title='bbox 645 1997 817 2090; x_wconf 70' lang='grc' dir='ltr'><em>Ἑλλήνων,</em></span> <span class='ocrx_word' id='word_1_108' title='bbox 841 1999 1024 2090; x_wconf 53' lang='grc' dir='ltr'><strong><em>πρόκριτοι)</em></strong></span> <span class='ocrx_word' id='word_1_109' title='bbox 1045 1998 1236 2078; x_wconf 79' lang='grc' dir='ltr'>Αὐσονίων,</span> 
     </span>
     <span class='ocr_line' id='line_1_15' title="bbox 435 2095 1302 2194; baseline 0.002 -28"><span class='ocrx_word' id='word_1_110' title='bbox 435 2105 566 2168; x_wconf 79' lang='grc' dir='ltr'><strong><em>κλεινοῦ</em></strong></span> <span class='ocrx_word' id='word_1_111' title='bbox 589 2101 779 2189; x_wconf 78' lang='grc' dir='ltr'>Κοδράσοιο</span> <span class='ocrx_word' id='word_1_112' title='bbox 803 2103 903 2188; x_wconf 78' lang='grc' dir='ltr'><strong><em>φίλον</em></strong></span> <span class='ocrx_word' id='word_1_113' title='bbox 926 2106 1055 2194; x_wconf 80' lang='grc' dir='ltr'><em>πατέρ’,</em></span> <span class='ocrx_word' id='word_1_114' title='bbox 1081 2095 1107 2193; x_wconf 76' lang='grc' dir='ltr'><em>ᾧ</em></span> <span class='ocrx_word' id='word_1_115' title='bbox 1129 2105 1302 2187; x_wconf 76' lang='grc' dir='ltr'>βασίλειον</span> 
     </span>
     <span class='ocr_line' id='line_1_16' title="bbox 516 2199 1244 2294; baseline 0.01 -28"><span class='ocrx_word' id='word_1_116' title='bbox 516 2199 673 2291; x_wconf 66' lang='grc' dir='ltr'>Ἁρμονίη</span> <span class='ocrx_word' id='word_1_117' title='bbox 695 2199 852 2285; x_wconf 68' lang='grc' dir='ltr'><em>θάλαμον</em></span> <span class='ocrx_word' id='word_1_118' title='bbox 875 2200 993 2291; x_wconf 77' lang='grc' dir='ltr'><em>πήξαῑ’</em></span> <span class='ocrx_word' id='word_1_119' title='bbox 1017 2207 1069 2272; x_wconf 80' lang='lat' dir='ltr'>s&#39;u&#39;</span> <span class='ocrx_word' id='word_1_120' title='bbox 1094 2201 1244 2294; x_wconf 70' lang='grc' dir='ltr'><em>εὐγαμίῃ,</em></span> 
     </span>
     <span class='ocr_line' id='line_1_17' title="bbox 373 2300 1299 2396; baseline -0.003 -21"><span class='ocrx_word' id='word_1_121' title='bbox 373 2313 392 2375; x_wconf 81' lang='lat'>5</span> <span class='ocrx_word' id='word_1_122' title='bbox 430 2304 604 2394; x_wconf 70' lang='grc' dir='ltr'>Ἀδριανὸς</span> <span class='ocrx_word' id='word_1_123' title='bbox 627 2301 802 2371; x_wconf 80' lang='grc' dir='ltr'>Μούσαισι</span> <span class='ocrx_word' id='word_1_124' title='bbox 823 2306 932 2385; x_wconf 79' lang='grc' dir='ltr'><em>μέλων</em></span> <span class='ocrx_word' id='word_1_125' title='bbox 955 2300 1100 2394; x_wconf 69' lang='grc' dir='ltr'>ἀνέθηκε</span> <span class='ocrx_word' id='word_1_126' title='bbox 1122 2311 1299 2396; x_wconf 56' lang='lat' dir='ltr'>Sacripor,</span> 
     </span>
     <span class='ocr_line' id='line_1_18' title="bbox 521 2402 1160 2496; baseline -0.003 -22"><span class='ocrx_word' id='word_1_127' title='bbox 521 2405 601 2474; x_wconf 78' lang='grc' dir='ltr'><strong><em>εἰκώ</em></strong></span> <span class='ocrx_word' id='word_1_128' title='bbox 620 2405 777 2494; x_wconf 78' lang='grc' dir='ltr'><strong><em>χαλκείην</em></strong></span> <span class='ocrx_word' id='word_1_129' title='bbox 799 2402 919 2472; x_wconf 69' lang='grc' dir='ltr'><strong><em>οὕνεκα</em></strong></span> <span class='ocrx_word' id='word_1_130' title='bbox 941 2407 1160 2496; x_wconf 74' lang='grc' dir='ltr'>προστασίης.</span> 
     </span>
    </p>
   </div>
   <div class='ocr_carea' id='block_1_6' title="bbox 433 2497 1372 2698">
    <p class='ocr_par' dir='ltr' id='par_1_6' title="bbox 433 2497 1372 2698">
     <span class='ocr_line' id='line_1_19' title="bbox 433 2497 1372 2599; baseline -0.005 -23"><span class='ocrx_word' id='word_1_131' title='bbox 433 2505 524 2598; x_wconf 79' lang='grc' dir='ltr'>ὑ[μῖν</span> <span class='ocrx_word' id='word_1_132' title='bbox 546 2511 600 2599; x_wconf 82' lang='lat' dir='ltr'>d&#39;J,</span> <span class='ocrx_word' id='word_1_133' title='bbox 624 2497 874 2590; x_wconf 72' lang='grc' dir='ltr'>ἅνδρεςἽωνες,</span> <span class='ocrx_word' id='word_1_134' title='bbox 898 2501 1074 2594; x_wconf 76' lang='grc' dir='ltr'><em>ἀγάλματα</em></span> <span class='ocrx_word' id='word_1_135' title='bbox 1097 2509 1198 2576; x_wconf 78' lang='grc' dir='ltr'><strong><em>καλὸν</em></strong></span> <span class='ocrx_word' id='word_1_136' title='bbox 1221 2505 1372 2595; x_wconf 74' lang='grc' dir='ltr'>ὁρᾶσθαι</span> 
     </span>
     <span class='ocr_line' id='line_1_20' title="bbox 520 2603 1277 2698; baseline -0.007 -21"><span class='ocrx_word' id='word_1_137' title='bbox 520 2606 663 2696; x_wconf 79' lang='grc' dir='ltr'>ἓσσα]ότ’</span> <span class='ocrx_word' id='word_1_138' title='bbox 687 2603 893 2695; x_wconf 74' lang='grc' dir='ltr'><strong><em>[Ἀρτέμιδος</em></strong></span> <span class='ocrx_word' id='word_1_139' title='bbox 916 2609 1062 2698; x_wconf 54' lang='lat' dir='ltr'>atheim</span> <span class='ocrx_word' id='word_1_140' title='bbox 1085 2610 1119 2675; x_wconf 79' lang='grc' dir='ltr'>ἐν</span> <span class='ocrx_word' id='word_1_141' title='bbox 1140 2611 1277 2693; x_wconf 77' lang='grc' dir='ltr'><strong><em>τεμένει.</em></strong></span> 
     </span>
    </p>
   </div>
   <div class='ocr_carea' id='block_1_7' title="bbox 301 2745 1531 4419">
    <p class='ocr_par' dir='ltr' id='par_1_7' title="bbox 301 2745 1531 4419">
     <span class='ocr_line' id='line_1_21' title="bbox 384 2745 1531 2822; baseline 0.001 -16"><span class='ocrx_word' id='word_1_142' title='bbox 384 2749 429 2806; x_wconf 91' lang='lat' dir='ltr'>De</span> <span class='ocrx_word' id='word_1_143' title='bbox 454 2746 599 2806; x_wconf 87' lang='lat' dir='ltr'>meidio</span> <span class='ocrx_word' id='word_1_144' title='bbox 624 2748 775 2821; x_wconf 88' lang='lat' dir='ltr'>Quadrato</span> <span class='ocrx_word' id='word_1_145' title='bbox 799 2746 919 2822; x_wconf 87' lang='lat' dir='ltr'>eiusque</span> <span class='ocrx_word' id='word_1_146' title='bbox 941 2753 1025 2822; x_wconf 88' lang='lat' dir='ltr'>patre</span> <span class='ocrx_word' id='word_1_147' title='bbox 1050 2747 1157 2806; x_wconf 85' lang='lat' dir='ltr'>Severo</span> <span class='ocrx_word' id='word_1_148' title='bbox 1183 2766 1258 2822; x_wconf 88' lang='lat' dir='ltr'>quae</span> <span class='ocrx_word' id='word_1_149' title='bbox 1283 2745 1336 2804; x_wconf 91' lang='lat' dir='ltr'>Th.</span> <span class='ocrx_word' id='word_1_150' title='bbox 1357 2747 1531 2807; x_wconf 84' lang='lat' dir='ltr'>Mommsen</span> 
     </span>
     <span class='ocr_line' id='line_1_22' title="bbox 307 2838 1531 2918; baseline 0.001 -18"><span class='ocrx_word' id='word_1_151' title='bbox 307 2841 622 2900; x_wconf 77' lang='lat' dir='ltr'>benevolentissimam</span> <span class='ocrx_word' id='word_1_152' title='bbox 641 2859 735 2900; x_wconf 90' lang='lat' dir='ltr'>meam</span> <span class='ocrx_word' id='word_1_153' title='bbox 754 2841 877 2918; x_wconf 52' lang='lat' dir='ltr'>gatiam</span> <span class='ocrx_word' id='word_1_154' title='bbox 894 2841 1017 2916; x_wconf 82' lang='lat' dir='ltr'>conlegit</span> <span class='ocrx_word' id='word_1_155' title='bbox 1035 2838 1134 2916; x_wconf 85' lang='lat' dir='ltr'>paucis</span> <span class='ocrx_word' id='word_1_156' title='bbox 1155 2841 1332 2917; x_wconf 88' lang='lat' dir='ltr'>conplectar;</span> <span class='ocrx_word' id='word_1_157' title='bbox 1351 2840 1531 2901; x_wconf 83' lang='lat' dir='ltr'>adcuratius</span> 
     </span>
     <span class='ocr_line' id='line_1_23' title="bbox 307 2934 1531 3012; baseline 0.001 -18"><span class='ocrx_word' id='word_1_158' title='bbox 307 2936 385 2997; x_wconf 85' lang='lat' dir='ltr'>enim</span> <span class='ocrx_word' id='word_1_159' title='bbox 417 2954 533 3012; x_wconf 85' lang='lat' dir='ltr'>sperare</span> <span class='ocrx_word' id='word_1_160' title='bbox 561 2935 632 2994; x_wconf 89' lang='lat' dir='ltr'>licet</span> <span class='ocrx_word' id='word_1_161' title='bbox 655 2934 717 2992; x_wconf 86' lang='lat' dir='ltr'>fore</span> <span class='ocrx_word' id='word_1_162' title='bbox 742 2941 774 2993; x_wconf 91' lang='lat' dir='ltr'>ut</span> <span class='ocrx_word' id='word_1_163' title='bbox 797 2935 860 3011; x_wconf 88' lang='lat' dir='ltr'>ipse</span> <span class='ocrx_word' id='word_1_164' title='bbox 889 2935 933 2991; x_wconf 83' lang='lat' dir='ltr'>vir</span> <span class='ocrx_word' id='word_1_165' title='bbox 962 2953 1090 2992; x_wconf 89' lang='lat' dir='ltr'>summus</span> <span class='ocrx_word' id='word_1_166' title='bbox 1118 2953 1179 2991; x_wconf 90' lang='lat' dir='ltr'>rem</span> <span class='ocrx_word' id='word_1_167' title='bbox 1204 2934 1348 2992; x_wconf 86' lang='lat' dir='ltr'>difficilem</span> <span class='ocrx_word' id='word_1_168' title='bbox 1374 2953 1448 2993; x_wconf 85' lang='lat' dir='ltr'>mox</span> <span class='ocrx_word' id='word_1_169' title='bbox 1477 2958 1531 2995; x_wconf 85' lang='lat' dir='ltr'>ex·</span> 
     </span>
     <span class='ocr_line' id='line_1_24' title="bbox 306 3026 1531 3106; baseline -0.001 -18"><span class='ocrx_word' id='word_1_170' title='bbox 306 3039 406 3106; x_wconf 78' lang='lat' dir='ltr'>ponat</span> <span class='ocrx_word' id='word_1_171' title='bbox 446 3027 554 3088; x_wconf 78' lang='lat' dir='ltr'>Docuit</span> <span class='ocrx_word' id='word_1_172' title='bbox 567 3028 655 3106; x_wconf 86' lang='lat' dir='ltr'>igitur</span> <span class='ocrx_word' id='word_1_173' title='bbox 669 3029 702 3088; x_wconf 85' lang='lat' dir='ltr'>C.</span> <span class='ocrx_word' id='word_1_174' title='bbox 717 3027 896 3086; x_wconf 90' lang='lat' dir='ltr'>meidium</span> <span class='ocrx_word' id='word_1_175' title='bbox 909 3026 1091 3100; x_wconf 76' lang='lat' dir='ltr'>Quadratum</span> <span class='ocrx_word' id='word_1_176' title='bbox 1109 3027 1332 3104; x_wconf 82' lang='lat' dir='ltr'>intellegendum</span> <span class='ocrx_word' id='word_1_177' title='bbox 1350 3045 1417 3086; x_wconf 91' lang='lat' dir='ltr'>esse</span> <span class='ocrx_word' id='word_1_178' title='bbox 1439 3031 1484 3105; x_wconf 83' lang='lat' dir='ltr'>(v.</span> <span class='ocrx_word' id='word_1_179' title='bbox 1497 3031 1531 3106; x_wconf 87' lang='lat'>3)</span> 
     </span>
     <span class='ocr_line' id='line_1_25' title="bbox 306 3119 1531 3200; baseline 0.002 -20"><span class='ocrx_word' id='word_1_180' title='bbox 306 3122 453 3180; x_wconf 87' lang='lat' dir='ltr'>consulem</span> <span class='ocrx_word' id='word_1_181' title='bbox 473 3141 500 3181; x_wconf 89' lang='lat' dir='ltr'>a.</span> <span class='ocrx_word' id='word_1_182' title='bbox 524 3123 586 3198; x_wconf 86' lang='lat'><strong>118,</strong></span> <span class='ocrx_word' id='word_1_183' title='bbox 607 3122 773 3181; x_wconf 84' lang='lat' dir='ltr'>meidiae</span> <span class='ocrx_word' id='word_1_184' title='bbox 792 3121 992 3195; x_wconf 83' lang='lat' dir='ltr'>Quadratillae</span> <span class='ocrx_word' id='word_1_185' title='bbox 1011 3131 1144 3197; x_wconf 90' lang='lat' dir='ltr'>nepotem</span> <span class='ocrx_word' id='word_1_186' title='bbox 1165 3121 1254 3197; x_wconf 89' lang='lat' dir='ltr'>(Plin.</span> <span class='ocrx_word' id='word_1_187' title='bbox 1276 3124 1351 3197; x_wconf 79' lang='lat' dir='ltr'>epist.</span> <span class='ocrx_word' id='word_1_188' title='bbox 1371 3119 1434 3181; x_wconf 80' lang='lat' dir='ltr'>Vll</span> <span class='ocrx_word' id='word_1_189' title='bbox 1457 3125 1531 3200; x_wconf 76' lang='lat'>24);</span> 
     </span>
     <span class='ocr_line' id='line_1_26' title="bbox 306 3215 1529 3295; baseline 0.001 -20"><span class='ocrx_word' id='word_1_190' title='bbox 306 3217 367 3275; x_wconf 89' lang='lat' dir='ltr'>eius</span> <span class='ocrx_word' id='word_1_191' title='bbox 387 3226 510 3295; x_wconf 69' lang='lat' dir='ltr'>patrem,</span> <span class='ocrx_word' id='word_1_192' title='bbox 531 3217 611 3275; x_wconf 86' lang='lat' dir='ltr'>cuius</span> <span class='ocrx_word' id='word_1_193' title='bbox 632 3233 788 3293; x_wconf 78' lang='lat' dir='ltr'>cognomen</span> <span class='ocrx_word' id='word_1_194' title='bbox 809 3235 845 3273; x_wconf 84' lang='lat' dir='ltr'>ex</span> <span class='ocrx_word' id='word_1_195' title='bbox 870 3215 1075 3291; x_wconf 82' lang='lat' dir='ltr'>epigrammate</span> <span class='ocrx_word' id='word_1_196' title='bbox 1100 3217 1226 3291; x_wconf 89' lang='lat' dir='ltr'>primum</span> <span class='ocrx_word' id='word_1_197' title='bbox 1250 3215 1439 3290; x_wconf 74' lang='lat' dir='ltr'>innotuisset,</span> <span class='ocrx_word' id='word_1_198' title='bbox 1468 3219 1529 3277; x_wconf 84' lang='lat' dir='ltr'>for·</span> 
     </span>
     <span class='ocr_line' id='line_1_27' title="bbox 306 3309 1528 3386; baseline 0 -16"><span class='ocrx_word' id='word_1_199' title='bbox 306 3323 383 3370; x_wconf 87' lang='lat' dir='ltr'>tasse</span> <span class='ocrx_word' id='word_1_200' title='bbox 401 3312 436 3370; x_wconf 87' lang='lat' dir='ltr'>L.</span> <span class='ocrx_word' id='word_1_201' title='bbox 453 3310 589 3371; x_wconf 81' lang='lat' dir='ltr'>Catilium</span> <span class='ocrx_word' id='word_1_202' title='bbox 610 3309 746 3370; x_wconf 86' lang='lat' dir='ltr'>Severum</span> <span class='ocrx_word' id='word_1_203' title='bbox 768 3325 832 3366; x_wconf 90' lang='lat' dir='ltr'>esse</span> <span class='ocrx_word' id='word_1_204' title='bbox 851 3325 908 3367; x_wconf 84' lang='lat' dir='ltr'>cos.</span> <span class='ocrx_word' id='word_1_205' title='bbox 930 3309 957 3366; x_wconf 90' lang='lat'>11</span> <span class='ocrx_word' id='word_1_206' title='bbox 978 3328 1004 3366; x_wconf 89' lang='lat' dir='ltr'>a.</span> <span class='ocrx_word' id='word_1_207' title='bbox 1029 3310 1091 3384; x_wconf 77' lang='lat'>120,</span> <span class='ocrx_word' id='word_1_208' title='bbox 1112 3328 1170 3386; x_wconf 90' lang='lat' dir='ltr'>quo</span> <span class='ocrx_word' id='word_1_209' title='bbox 1194 3311 1320 3386; x_wconf 85' lang='lat' dir='ltr'>probato</span> <span class='ocrx_word' id='word_1_210' title='bbox 1342 3311 1434 3368; x_wconf 89' lang='lat' dir='ltr'>simul</span> <span class='ocrx_word' id='word_1_211' title='bbox 1457 3331 1528 3372; x_wconf 89' lang='lat' dir='ltr'>con·</span> 
     </span>
     <span class='ocr_line' id='line_1_28' title="bbox 305 3403 1528 3483; baseline -0.001 -18"><span class='ocrx_word' id='word_1_212' title='bbox 305 3405 382 3466; x_wconf 90' lang='lat' dir='ltr'>cludi</span> <span class='ocrx_word' id='word_1_213' title='bbox 393 3425 479 3483; x_wconf 88' lang='lat' dir='ltr'>posse</span> <span class='ocrx_word' id='word_1_214' title='bbox 488 3405 602 3464; x_wconf 88' lang='lat' dir='ltr'>titulum</span> <span class='ocrx_word' id='word_1_215' title='bbox 613 3423 675 3462; x_wconf 91' lang='lat' dir='ltr'>cum</span> <span class='ocrx_word' id='word_1_216' title='bbox 686 3403 805 3462; x_wconf 87' lang='lat' dir='ltr'>alterius</span> <span class='ocrx_word' id='word_1_217' title='bbox 815 3403 981 3460; x_wconf 86' lang='lat' dir='ltr'>consulatus</span> <span class='ocrx_word' id='word_1_218' title='bbox 997 3404 1104 3462; x_wconf 91' lang='lat' dir='ltr'>mentio</span> <span class='ocrx_word' id='word_1_219' title='bbox 1118 3424 1175 3462; x_wconf 91' lang='lat' dir='ltr'>non</span> <span class='ocrx_word' id='word_1_220' title='bbox 1186 3405 1268 3462; x_wconf 86' lang='lat' dir='ltr'>fieret</span> <span class='ocrx_word' id='word_1_221' title='bbox 1278 3414 1342 3462; x_wconf 85' lang='lat' dir='ltr'>ante</span> <span class='ocrx_word' id='word_1_222' title='bbox 1357 3423 1382 3461; x_wconf 81' lang='lat' dir='ltr'>a</span> <span class='ocrx_word' id='word_1_223' title='bbox 1397 3405 1461 3464; x_wconf 72' lang='lat'>120</span> <span class='ocrx_word' id='word_1_224' title='bbox 1471 3425 1528 3483; x_wconf 90' lang='lat' dir='ltr'>po-</span> 
     </span>
     <span class='ocr_line' id='line_1_29' title="bbox 305 3497 1525 3577; baseline 0 -19"><span class='ocrx_word' id='word_1_225' title='bbox 305 3501 391 3559; x_wconf 89' lang='lat' dir='ltr'>situm</span> <span class='ocrx_word' id='word_1_226' title='bbox 401 3519 473 3558; x_wconf 84' lang='lat' dir='ltr'>esse</span> <span class='ocrx_word' id='word_1_227' title='bbox 495 3499 638 3572; x_wconf 83' lang='lat' dir='ltr'>Quadrati</span> <span class='ocrx_word' id='word_1_228' title='bbox 651 3518 733 3570; x_wconf 85' lang='lat' dir='ltr'>uxor,</span> <span class='ocrx_word' id='word_1_229' title='bbox 747 3517 820 3574; x_wconf 90' lang='lat' dir='ltr'>quae</span> <span class='ocrx_word' id='word_1_230' title='bbox 831 3499 911 3573; x_wconf 79' lang='lat' dir='ltr'>regia</span> <span class='ocrx_word' id='word_1_231' title='bbox 925 3498 1015 3574; x_wconf 86' lang='lat' dir='ltr'>stirpe</span> <span class='ocrx_word' id='word_1_232' title='bbox 1027 3504 1097 3556; x_wconf 85' lang='lat' dir='ltr'>nata</span> <span class='ocrx_word' id='word_1_233' title='bbox 1110 3500 1294 3577; x_wconf 88' lang='lat' dir='ltr'>praedicatur</span> <span class='ocrx_word' id='word_1_234' title='bbox 1307 3518 1333 3554; x_wconf 82' lang='lat' dir='ltr'>v.</span> <span class='ocrx_word' id='word_1_235' title='bbox 1348 3499 1375 3571; x_wconf 85' lang='lat'>3,</span> <span class='ocrx_word' id='word_1_236' title='bbox 1391 3497 1525 3558; x_wconf 81' lang='lat' dir='ltr'>blemm-</span> 
     </span>
     <span class='ocr_line' id='line_1_30' title="bbox 306 3590 1524 3664; baseline 0.002 -13"><span class='ocrx_word' id='word_1_237' title='bbox 306 3595 386 3651; x_wconf 91' lang='lat' dir='ltr'>senio</span> <span class='ocrx_word' id='word_1_238' title='bbox 415 3594 529 3651; x_wconf 82' lang='lat' dir='ltr'>videtur</span> <span class='ocrx_word' id='word_1_239' title='bbox 553 3594 729 3651; x_wconf 85' lang='lat' dir='ltr'>Asianorum</span> <span class='ocrx_word' id='word_1_240' title='bbox 758 3591 878 3650; x_wconf 88' lang='lat' dir='ltr'>alicuius</span> <span class='ocrx_word' id='word_1_241' title='bbox 909 3611 1006 3664; x_wconf 81' lang='lat' dir='ltr'>regum</span> <span class='ocrx_word' id='word_1_242' title='bbox 1031 3591 1093 3649; x_wconf 87' lang='lat' dir='ltr'>filia</span> <span class='ocrx_word' id='word_1_243' title='bbox 1117 3592 1213 3650; x_wconf 88' lang='lat' dir='ltr'>fuisse.</span> <span class='ocrx_word' id='word_1_244' title='bbox 1260 3590 1382 3652; x_wconf 85' lang='lat' dir='ltr'>Honoris</span> <span class='ocrx_word' id='word_1_245' title='bbox 1409 3592 1524 3654; x_wconf 76' lang='lat' dir='ltr'>Seuero</span> 
     </span>
     <span class='ocr_line' id='line_1_31' title="bbox 305 3685 1522 3764; baseline 0.004 -20"><span class='ocrx_word' id='word_1_246' title='bbox 305 3696 449 3744; x_wconf 86' lang='lat' dir='ltr'>auctorem</span> <span class='ocrx_word' id='word_1_247' title='bbox 468 3687 662 3762; x_wconf 87' lang='lat' dir='ltr'>carminisque</span> <span class='ocrx_word' id='word_1_248' title='bbox 681 3687 848 3763; x_wconf 86' lang='lat' dir='ltr'>scriptorem</span> <span class='ocrx_word' id='word_1_249' title='bbox 868 3688 962 3763; x_wconf 87' lang='lat' dir='ltr'>ipsum</span> <span class='ocrx_word' id='word_1_250' title='bbox 982 3703 1044 3744; x_wconf 87' lang='lat' dir='ltr'>esse</span> <span class='ocrx_word' id='word_1_251' title='bbox 1054 3685 1237 3745; x_wconf 88' lang='lat' dir='ltr'>Hadrianum</span> <span class='ocrx_word' id='word_1_252' title='bbox 1250 3687 1401 3746; x_wconf 87' lang='lat' dir='ltr'>Gaesarem</span> <span class='ocrx_word' id='word_1_253' title='bbox 1420 3699 1522 3764; x_wconf 80' lang='lat' dir='ltr'>patet;</span> 
     </span>
     <span class='ocr_line' id='line_1_32' title="bbox 305 3779 1521 3856; baseline 0.007 -21"><span class='ocrx_word' id='word_1_254' title='bbox 305 3798 444 3855; x_wconf 89' lang='lat' dir='ltr'>quaeres</span> <span class='ocrx_word' id='word_1_255' title='bbox 469 3797 503 3837; x_wconf 89' lang='lat' dir='ltr'>eo</span> <span class='ocrx_word' id='word_1_256' title='bbox 527 3779 742 3838; x_wconf 88' lang='lat' dir='ltr'>memorabilior</span> <span class='ocrx_word' id='word_1_257' title='bbox 765 3790 808 3838; x_wconf 88' lang='lat' dir='ltr'>est</span> <span class='ocrx_word' id='word_1_258' title='bbox 834 3781 912 3856; x_wconf 90' lang='lat' dir='ltr'>quod</span> <span class='ocrx_word' id='word_1_259' title='bbox 935 3779 1055 3839; x_wconf 83' lang='lat' dir='ltr'>Catilius</span> <span class='ocrx_word' id='word_1_260' title='bbox 1080 3779 1129 3838; x_wconf 91' lang='lat' dir='ltr'>ille</span> <span class='ocrx_word' id='word_1_261' title='bbox 1149 3779 1274 3840; x_wconf 84' lang='lat' dir='ltr'>Severus</span> <span class='ocrx_word' id='word_1_262' title='bbox 1294 3780 1449 3842; x_wconf 85' lang='lat' dir='ltr'>Hadriano</span> <span class='ocrx_word' id='word_1_263' title='bbox 1474 3787 1521 3843; x_wconf 90' lang='lat' dir='ltr'>in-</span> 
     </span>
     <span class='ocr_line' id='line_1_33' title="bbox 304 3873 1522 3956; baseline 0.007 -28"><span class='ocrx_word' id='word_1_264' title='bbox 304 3878 424 3947; x_wconf 88' lang='lat' dir='ltr'>perante</span> <span class='ocrx_word' id='word_1_265' title='bbox 440 3892 562 3956; x_wconf 80' lang='lat' dir='ltr'>msgnae</span> <span class='ocrx_word' id='word_1_266' title='bbox 577 3873 622 3930; x_wconf 88' lang='lat' dir='ltr'>vir</span> <span class='ocrx_word' id='word_1_267' title='bbox 637 3875 815 3932; x_wconf 86' lang='lat' dir='ltr'>auctoritatis</span> <span class='ocrx_word' id='word_1_268' title='bbox 832 3879 861 3932; x_wconf 88' lang='lat' dir='ltr'>et</span> <span class='ocrx_word' id='word_1_269' title='bbox 875 3874 1027 3950; x_wconf 85' lang='lat' dir='ltr'>conplures</span> <span class='ocrx_word' id='word_1_270' title='bbox 1042 3893 1135 3933; x_wconf 87' lang='lat' dir='ltr'>annos</span> <span class='ocrx_word' id='word_1_271' title='bbox 1150 3875 1214 3934; x_wconf 90' lang='lat' dir='ltr'>urbi</span> <span class='ocrx_word' id='word_1_272' title='bbox 1229 3875 1390 3952; x_wconf 85' lang='lat' dir='ltr'>praefectus</span> <span class='ocrx_word' id='word_1_273' title='bbox 1412 3889 1522 3952; x_wconf 81' lang='lat' dir='ltr'>postea</span> 
     </span>
     <span class='ocr_line' id='line_1_34' title="bbox 303 3965 1519 4045; baseline 0.007 -24"><span class='ocrx_word' id='word_1_274' title='bbox 303 3965 399 4042; x_wconf 88' lang='lat' dir='ltr'>gratia</span> <span class='ocrx_word' id='word_1_275' title='bbox 418 3966 526 4024; x_wconf 82' lang='lat' dir='ltr'>excidit</span> <span class='ocrx_word' id='word_1_276' title='bbox 545 3985 793 4042; x_wconf 87' lang='lat' dir='ltr'>successoremque</span> <span class='ocrx_word' id='word_1_277' title='bbox 813 3968 930 4043; x_wconf 88' lang='lat' dir='ltr'>accepit.</span> <span class='ocrx_word' id='word_1_278' title='bbox 952 3999 989 4012; x_wconf 85' lang='lat'>-</span> <span class='ocrx_word' id='word_1_279' title='bbox 1010 3967 1027 4024; x_wconf 75' lang='lat'><strong>2</strong></span> <span class='ocrx_word' id='word_1_280' title='bbox 1047 3968 1082 4026; x_wconf 82' lang='lat' dir='ltr'>ci.</span> <span class='ocrx_word' id='word_1_281' title='bbox 1104 3987 1192 4045; x_wconf 90' lang='lat' dir='ltr'>snpra</span> <span class='ocrx_word' id='word_1_282' title='bbox 1211 3969 1248 4027; x_wconf 87' lang='lat' dir='ltr'>ad</span> <span class='ocrx_word' id='word_1_283' title='bbox 1268 3989 1294 4028; x_wconf 83' lang='lat' dir='ltr'>n</span> <span class='ocrx_word' id='word_1_284' title='bbox 1318 3968 1382 4026; x_wconf 75' lang='lat' dir='ltr'>tta</span> <span class='ocrx_word' id='word_1_285' title='bbox 1426 3970 1519 4029; x_wconf 85' lang='lat' dir='ltr'>Coni-</span> 
     </span>
     <span class='ocr_line' id='line_1_35' title="bbox 302 4057 1518 4137; baseline 0.007 -21"><span class='ocrx_word' id='word_1_286' title='bbox 302 4059 360 4117; x_wconf 85' lang='lat' dir='ltr'>cias</span> <span class='ocrx_word' id='word_1_287' title='bbox 380 4058 474 4135; x_wconf 90' lang='lat' dir='ltr'>ipsum</span> <span class='ocrx_word' id='word_1_288' title='bbox 490 4057 671 4118; x_wconf 86' lang='lat' dir='ltr'>Hadrianum</span> <span class='ocrx_word' id='word_1_289' title='bbox 692 4061 831 4118; x_wconf 88' lang='lat' dir='ltr'>acuminis</span> <span class='ocrx_word' id='word_1_290' title='bbox 851 4060 924 4118; x_wconf 88' lang='lat' dir='ltr'>illud</span> <span class='ocrx_word' id='word_1_291' title='bbox 943 4061 1067 4137; x_wconf 88' lang='lat' dir='ltr'>primum</span> <span class='ocrx_word' id='word_1_292' title='bbox 1087 4062 1241 4136; x_wconf 86' lang='lat' dir='ltr'>invenisse,</span> <span class='ocrx_word' id='word_1_293' title='bbox 1263 4073 1295 4120; x_wconf 89' lang='lat' dir='ltr'>ut</span> <span class='ocrx_word' id='word_1_294' title='bbox 1312 4081 1412 4121; x_wconf 89' lang='lat' dir='ltr'>omnes</span> <span class='ocrx_word' id='word_1_295' title='bbox 1435 4067 1518 4124; x_wconf 85' lang='lat' dir='ltr'>orbis</span> 
     </span>
     <span class='ocr_line' id='line_1_36' title="bbox 301 4153 1519 4230; baseline 0.005 -20"><span class='ocrx_word' id='word_1_296' title='bbox 301 4159 444 4212; x_wconf 88' lang='lat' dir='ltr'>terrarum</span> <span class='ocrx_word' id='word_1_297' title='bbox 476 4161 575 4230; x_wconf 84' lang='lat' dir='ltr'>gentes</span> <span class='ocrx_word' id='word_1_298' title='bbox 609 4155 721 4213; x_wconf 89' lang='lat' dir='ltr'>duobus</span> <span class='ocrx_word' id='word_1_299' title='bbox 761 4153 806 4213; x_wconf 91' lang='lat' dir='ltr'>his</span> <span class='ocrx_word' id='word_1_300' title='bbox 840 4153 1003 4214; x_wconf 89' lang='lat' dir='ltr'>nominibus</span> <span class='ocrx_word' id='word_1_301' title='bbox 1041 4154 1217 4214; x_wconf 83' lang='lat' dir='ltr'>Graecomm</span> <span class='ocrx_word' id='word_1_302' title='bbox 1251 4167 1280 4214; x_wconf 92' lang='lat' dir='ltr'>et</span> <span class='ocrx_word' id='word_1_303' title='bbox 1313 4155 1519 4216; x_wconf 82' lang='lat' dir='ltr'>Romanorum</span> 
     </span>
     <span class='ocr_line' id='line_1_37' title="bbox 301 4245 1519 4326; baseline 0.005 -22"><span class='ocrx_word' id='word_1_304' title='bbox 301 4245 532 4323; x_wconf 87' lang='lat' dir='ltr'>conplecteretur.</span> <span class='ocrx_word' id='word_1_305' title='bbox 572 4246 696 4306; x_wconf 87' lang='lat' dir='ltr'>Severus</span> <span class='ocrx_word' id='word_1_306' title='bbox 714 4247 802 4324; x_wconf 83' lang='lat' dir='ltr'>igitur</span> <span class='ocrx_word' id='word_1_307' title='bbox 822 4267 879 4306; x_wconf 91' lang='lat' dir='ltr'>non</span> <span class='ocrx_word' id='word_1_308' title='bbox 899 4246 1079 4307; x_wconf 85' lang='lat' dir='ltr'>Graecorum</span> <span class='ocrx_word' id='word_1_309' title='bbox 1103 4249 1302 4309; x_wconf 89' lang='lat' dir='ltr'>nobilissimus</span> <span class='ocrx_word' id='word_1_310' title='bbox 1324 4251 1519 4326; x_wconf 78' lang='lat' dir='ltr'>praedicatur</span> 
     </span>
     <span class='ocr_line' id='line_1_38' title="bbox 301 4337 1518 4419; baseline 0.007 -23"><span class='ocrx_word' id='word_1_311' title='bbox 301 4341 372 4417; x_wconf 90' lang='lat' dir='ltr'>(non</span> <span class='ocrx_word' id='word_1_312' title='bbox 391 4342 467 4400; x_wconf 88' lang='lat' dir='ltr'>enim</span> <span class='ocrx_word' id='word_1_313' title='bbox 487 4339 542 4399; x_wconf 86' lang='lat' dir='ltr'>fnit</span> <span class='ocrx_word' id='word_1_314' title='bbox 555 4337 700 4416; x_wconf 84' lang='lat' dir='ltr'>Graecus)</span> <span class='ocrx_word' id='word_1_315' title='bbox 719 4347 749 4400; x_wconf 92' lang='lat' dir='ltr'>et</span> <span class='ocrx_word' id='word_1_316' title='bbox 762 4339 959 4400; x_wconf 82' lang='lat' dir='ltr'>Romanorum</span> <span class='ocrx_word' id='word_1_317' title='bbox 972 4341 1116 4419; x_wconf 86' lang='lat' dir='ltr'>princeps,</span> <span class='ocrx_word' id='word_1_318' title='bbox 1137 4344 1188 4402; x_wconf 90' lang='lat' dir='ltr'>sed</span> <span class='ocrx_word' id='word_1_319' title='bbox 1201 4345 1329 4402; x_wconf 88' lang='lat' dir='ltr'>omnium</span> <span class='ocrx_word' id='word_1_320' title='bbox 1342 4346 1518 4404; x_wconf 84' lang='lat' dir='ltr'>mortalium</span> 
     </span>
    </p>
   </div>
   <div class='ocr_carea' id='block_1_8' title="bbox 0 0 1588 4908">
    <p class='ocr_par' dir='ltr' id='par_1_8' title="bbox 0 0 1588 4908">
     <span class='ocr_line' id='line_1_39' title="bbox 0 0 1588 4908; baseline 0 4"><span class='ocrx_word' id='word_1_321' title='bbox 0 0 1588 4908; x_wconf 95' lang='lat' dir='ltr'> </span> 
     </span>
    </p>
   </div>
  </div>
 </body>
</html>
