3260 4914
306 434 368 484 xiv
841 417 976 488 proeiutio.

306 590 324 648 3
346 589 364 647 6
385 588 402 646 ‘i
423 585 441 645 8
463 586 557 664 suppl.
588 583 726 657 liencurt,
756 586 812 646 nisi
838 587 915 664 quod
940 587 1000 647 nt
1026 577 1126 656 setus
1155 577 1197 648 alsi
1223 584 1340 666 κλέομαι
1363 587 1465 648 voluit.
1485 620 1522 632 -
1619 552 1625 634 l

307 691 324 747 3
346 705 422 748 nura
450 689 529 766 quod
553 689 652 749 neseio
677 707 716 748 an
740 707 805 748 eum
834 689 945 750 editore
964 689 1138 750 eumerium
1162 689 1267 752 sit-
1288 703 1465 750 orsoouou
1485 723 1522 734 —
1624 763 1625 776 χ

307 794 551 852 tnesis-rarius:
573 826 608 836 -
629 792 647 850 6
668 805 779 851 norror
799 793 842 850 uti
860 811 888 851 r.
910 793 927 850 7
947 807 1070 853 reason.
1111 792 1236 852 Videtur
1255 793 1349 852 inesse
1375 810 1410 852 ea
1436 811 1523 868 quam

306 895 391 971 posui
416 895 560 955 sententia
585 895 662 954 tana
684 895 830 972 ipnobilm
854 912 897 954 me
918 898 984 954 sivit
1007 913 1064 954 esee
1084 913 1180 955 eureus
1196 898 1351 971 pernicitas
1370 905 1419 954 aa
1440 895 1523 954 arta

304 998 475 1074 petraeae,
495 1002 576 1058 eatae
596 997 751 1058 umam
769 1017 811 1058 ora
830 997 948 1074 εοάαἱω,
969 997 1004 1058 ai.
1025 997 1091 1058 663.

307 1175 386 1236 492.
426 1177 591 1238 Ediderunt
610 1175 796 1238 Comarodes
810 1177 948 1237 Athenaei
970 1177 1044 1236 1874
1058 1195 1087 1254 p.
1100 1175 1158 1235 478
1178 1179 1209 1235 et
1221 1173 1350 1235 Foroart
1359 1173 1426 1235 Rae.
1441 1177 1523 1235 oret.
1623 1174 1627 1229 ἶ

309 1279 383 1340 1875
403 1279 418 1338 Ι
440 1282 506 1355 110,
526 1281 577 1358 qui
596 1301 623 1341 r.
647 1283 738 1359 lsqq.
759 1289 836 1341 reete
855 1279 1078 1357 suppleverunt:

436 1398 507 1471 Οὐκ
528 1401 594 1472 ἔστ’
618 1399 714 1472 οὐδὲν
735 1407 841 1494 τέρμα
862 1390 941 1489 plion
962 1401 1110 1492 θνητῌῦν
1132 1400 1353 1492 sarpedone,

507 1499 594 1573 ἀλλὰ
620 1503 709 1596 Τι’χη
732 1505 896 1593 κρείσσων
917 1502 1055 1584 ἐλπίδος
1078 1498 1264 1592 [ἑῇεφάνψ

433 1598 454 1697 ἢ
478 1607 535 1674 καὶ
561 1608 748 1696 Τιμοκλὲην
764 1603 955 1690 Ἀσωπίχου
978 1599 1114 1694 ἠφάνισ’
1137 1600 1210 1672 υἱόν
1241 1605 1320 1670 nt‘.

306 1769 333 1809 v.
354 1747 373 1807 5
392 1747 579 1806 confirmatur
605 1745 711 1805 vitiosa
729 1747 816 1805 leetio
836 1737 882 1805 nai
902 1743 928 1804 ἐν
946 1741 1120 1823 Ἡρακλέους
1144 1733 1200 1822 τρὶς
1220 1741 1246 1800 ἓν
1266 1735 1371 1817 ἄθλοις,
1392 1743 1441 1800 ubi
1460 1741 1531 1803 Leo

305 1851 417 1910 auriens
438 1858 516 1908 reete
536 1849 662 1908 fortasse
681 1840 764 1928 τρισὶν
783 1839 877 1918 ἄθλοις
898 1846 1058 1926 proposuit
1089 1846 1276 1907 Addiderunt
1295 1845 1407 1905 veroin
1421 1845 1531 1906 eodem

305 1952 403 2029 lapide
422 1951 461 2010 ad
481 1951 613 2011 dextram
634 1951 774 2028 seriptum
794 1950 918 2010 alterum
937 1951 1127 2028 epigramma,
1147 1949 1235 2008 nimis
1249 1947 1367 2024 quidem
1387 1948 1534 2008 mutilum

307 2073 393 2131 quam
414 2054 492 2130 quod
512 2054 623 2112 restitui
642 2055 746 2131 possit,
768 2053 958 2112 memorabile
977 2061 1075 2112 tamen
1096 2071 1154 2111 non
1176 2069 1234 2109 uno
1254 2050 1386 2110 nomine:

307 2233 409 2292 4ato.
608 2223 829 2318 Ἀπόλλωνος]
856 2231 1034 2317 Πουθιῆος
1054 2253 1116 2293 τ..
1133 2280 1160 2296 ..

310 2338 312 2341 ’
612 2379 619 2394 .
667 2379 674 2394 .
721 2379 728 2394 .
776 2379 784 2394 .
830 2326 971 2396 flatura
994 2324 1218 2416 nnyu[p‹irtov

460 2433 590 2520 llo'r'd[o
612 2426 851 2518 Mev]eapoirsto
896 2478 1341 2496 .........

528 2532 718 2621 Κορρείδας
740 2529 831 2620 lepori
852 2557 915 2622 νηα
949 2579 1229 2597 ......

457 2633 587 2723 lystros
608 2630 658 2700 ἔτι
679 2633 809 2722 θερμὸς
832 2627 850 2698 ὅ
896 2681 1336 2701 .........

532 2735 662 2818 Φοίβου
683 2739 748 2800 τῶν
770 2732 897 2815 ἐτύμων
942 2783 1276 2800 .......

608 2832 798 2916 Λύσιππος
820 2832 1015 2926 §pannos
1036 2833 1188 2924 ἐποίησε.

382 2976 416 3037 In
435 2973 626 3055 praescriptis
653 2963 818 3053 nappaeae
841 2973 1047 3051 suppleverunt
1079 2975 1211 3036 editores.
1239 3009 1275 3020 -
1304 2971 1433 3036 lnaid.
1458 3020 1466 3035 .
1492 3023 1501 3038 .
1528 3023 1538 3038 .

306 3101 427 3160 εκρσιτεω
447 3076 538 3151 Cum,
558 3093 627 3136 Kato
639 3121 646 3136 .
659 3120 666 3136 .
679 3123 686 3137 .
698 3121 704 3134 .
716 3091 860 3136 ΛΕΚΡΑΤΕΩ
871 3077 1006 3138 Fouoart.
1019 3071 1247 3158 -2Krpfieidinc
1268 3075 1410 3150 Oumnn.;
1430 3097 1538 3154 quar-

306 3193 366 3241 tam
387 3181 514 3242 litteram
534 3198 549 3239 r
569 3181 667 3260 potius
688 3199 775 3258 quam
796 3179 883 3238 usibi
903 3179 994 3238 videri
1015 3198 1080 3240 esse
1099 3181 1143 3239 ait
1155 3179 1294 3252 Foueart3
1314 3180 1364 3257 qui
1384 3179 1538 3260 deinceps

306 3302 430 3344 iurarunt
452 3284 597 3355 ..tradit3
618 3281 803 3344 Gumauudes
825 3278 890 3361 ispali
909 3283 969 3356 νῆα,
993 3282 1104 3342 addens
1125 3289 1222 3343 tamen
1243 3299 1263 3341 rr
1284 3283 1422 3341 incertam
1446 3301 1539 3348 esse.

306 3377 484 3467 -atsppts
505 3378 636 3466 istoriae
656 3381 840 3445 Cumanudee
858 3385 957 3444 neseio
977 3402 1035 3462 quo
1055 3403 1151 3446 sensu.
1184 3385 1338 3447 Sententia
1356 3393 1435 3444 oerta
1456 3405 1539 3448 eon-

311 3495 416 3569 parato
430 3509 474 3567 ep.
496 3489 553 3550 942
574 3488 638 3550 ἀλλ’
656 3486 696 3548 ἔτι
715 3477 816 3568 &rppulit
836 3491 946 3564 πνεῦμα
966 3485 1055 3566 φέρων
1075 3489 1194 3566 σκληροῖς
1214 3485 1276 3557 παῖς
1289 3476 1341 3547 nini
1357 3483 1543 3568 πυγμαχίας

306 3597 375 3659 ἔστα
396 3585 565 3672 παγκρατίου
587 3581 674 3670 (iopila
694 3590 721 3660 ἒς
741 3581 824 3650 no'vov.
835 3621 872 3632 -
884 3589 1047 3668 Lysippum
1066 3609 1131 3650 oum
1150 3599 1227 3650 reete
1240 3591 1333 3650 editor
1346 3589 1544 3653 intellexerit

306 3695 491 3754 notissimum
510 3693 593 3752 illum
608 3692 786 3770 Sioyonium,
807 3689 988 3769 Polycletum
1002 3693 1084 3753 ouius
1098 3711 1204 3752 nomen
1220 3691 1311 3770 priori
1324 3683 1544 3770 subscriptum

306 3805 350 3856 est
370 3794 492 3854 carmini
512 3815 570 3854 non
590 3795 683 3854 minue
704 3801 782 3854 reete
801 3795 878 3854 idem
900 3795 1041 3856 minorem
1066 3796 1203 3874 adgnovit
1216 3795 1341 3872 Lysippi
1356 3796 1547 3874 aequalem,

306 3896 458 3975 Naucydis
479 3897 664 3976 discipulum,
685 3897 798 3956 utiam
818 3906 897 3956 oerta
915 3898 1074 3957 habeamus
1096 3897 1202 3958 saeculi
1223 3897 1322 3975 quarti
1336 3897 1547 3965 documenta.

306 4001 418 4061 Notatu
444 4017 514 4060 vero
540 3999 628 4078 digna
656 4001 779 4059 duorum
806 3998 1047 4078 epigrammatum
1071 4001 1174 4061 eodem
1192 4001 1223 4060 in
1243 4001 1340 4078 lapide
1365 4001 1551 4080 eodemque

306 4105 366 4164 fere
385 4113 515 4181 tempore
531 4103 743 4182 iusoulptorum
763 4101 879 4161 diversa
898 4101 1048 4162 dialectos.

304 4281 381 4345 524.
422 4273 534 4378 Xpa‘rrp
555 4305 586 4374 τη
609 4273 723 4364 συμβῖῳ
743 4281 895 4361 legendum
916 4282 989 4343 uidit
1011 4281 1216 4344 Wilamorvita.

811 4395 1012 4410 ——h
