3152 4922
280 405 342 470 336
697 399 898 471 Epigrammata
915 399 1080 454 dedicatoria

387 561 512 633 αὐτόθι
535 563 597 653 γὰρ
620 565 810 648 κλειδοῦχος
832 562 897 651 ἔφυ
919 557 1255 653 ΒασιληόόοςἭρης,

475 667 509 734 ἐν
530 666 646 755 Λέρνη
668 667 697 731 d’
720 663 834 749 ἔλαχεν
855 662 1086 750 μοστιπόλους
1109 665 1237 741 δαίδας.

313 876 343 940 b.
388 871 563 960 Δηόοῦχος
582 891 624 951 με
646 865 772 958 Κόρης,
795 869 956 956 Bacticis,
980 864 1074 947 Διός,
1099 865 1174 957 ἱερὰ
1197 871 1308 956 σηκῶν

304 976 344 1042 10
462 966 572 1055 Ἥρας
595 969 739 1057 κλεῖθρα
762 969 875 1059 φέρων
895 969 1011 1054 βωμόν
1033 967 1137 1058 ἔθηκε
1155 963 1238 1058 Ῥέη,

382 1066 560 1161 Ἀρχέλεως
580 1071 717 1158 τελετῆς
739 1069 940 1160 συνθήματα
963 1071 1094 1159 κρυπτὰ
1114 1066 1261 1157 χαράξας

472 1168 683 1259 ταοροβόλον
705 1175 839 1258 πρῶτον
861 1175 960 1261 δεῦρο
984 1171 1204 1260 τελειομένης.

357 1330 381 1371 n
401 1311 447 1372 rel
467 1327 503 1368 111
523 1308 638 1369 saeculi.
667 1308 847 1370 Taurobolia
866 1312 983 1388 quando
1003 1312 1130 1387 primum
1150 1311 1188 1368 ab
1208 1309 1437 1368 Atheniensibus
1451 1327 1494 1366 re·

281 1403 574 1484 ceptasint(v.12)
595 1404 746 1464 nescimus.
768 1436 803 1448 ·-
825 1405 988 1464 Archelaus
1012 1404 1199 1465 Atheniensis
1217 1403 1261 1480 (v.
1276 1403 1318 1480 5),
1345 1403 1435 1480 Argis
1455 1403 1494 1459 ri-

280 1508 342 1560 tam
362 1501 469 1578 degens
483 1500 524 1576 (r.
539 1497 638 1575 5sq.)‚
657 1496 778 1557 Iunonis
792 1497 960 1574 cleduchus,
979 1498 1177 1575 Proserpinae
1191 1497 1341 1557 Lernaeae
1351 1495 1494 1554 deduohns

281 1595 407 1671 itemque
427 1593 579 1670 utriusque
599 1592 670 1651 deae
691 1591 738 1668 (cf.
760 1593 847 1654 Paus.
872 1591 942 1653 v111
963 1593 1039 1667 31‚2
1063 1596 1117 1652 rai
1141 1595 1207 1653 racd
1231 1588 1261 1652 ci
1283 1595 1339 1652 τῶν
1365 1583 1493 1673 peruios

282 1689 354 1749 hesir
367 1687 438 1748 ἔστιν
458 1686 484 1746 ἒν
504 1684 582 1770 δεξιᾷ
600 1680 645 1746 καὶ
665 1679 765 1765 Κόρης)
786 1693 817 1745 et
829 1687 907 1746 Iovis
921 1687 987 1746 arci
1008 1687 1166 1764 Rheaeque
1187 1707 1312 1766 quorum
1331 1687 1493 1764 nuperrime

283 1783 374 1843 sacris
394 1783 525 1842 initiatus
544 1788 592 1842 est
611 1799 691 1840 aram
712 1781 834 1840 dedicat.
854 1813 892 1824 —
916 1783 948 1838 ll
970 1780 1002 1840 in
1028 1801 1085 1840 uno
1110 1801 1179 1840 arae
1203 1782 1293 1841 latere
1320 1781 1396 1840 iaces
1423 1780 1494 1838 duae

283 1876 458 1936 decussatim
478 1896 535 1936 una
555 1876 638 1934 alteri
657 1894 793 1948 conexae,
814 1875 947 1952 utrinque
967 1875 1061 1951 pinus,
1081 1876 1111 1934 in
1132 1875 1281 1953 superiore
1295 1883 1377 1952 parte
1391 1876 1489 1932 buera-

284 1971 334 2028 nia
352 1971 410 2030 tria
429 1972 514 2030 sertis
533 1972 610 2030 inter
629 1989 661 2030 se
681 1971 848 2028 coniuncta:
871 1971 941 2028 haec
960 1979 1031 2045 puto
1052 1957 1222 2048 cordaipare
1242 1959 1353 2048 κμυστό
1371 1967 1437 2028 dici.
1457 1999 1493 2010 —

285 2063 461 2122 Archelaum
481 2063 592 2123 conicio
612 2069 663 2122 aut
683 2064 805 2123 eundem
825 2081 890 2123 esse
910 2069 963 2122 aut
981 2073 1094 2139 patrem
1114 2064 1243 2123 filiumve
1268 2065 1330 2124 eius
1350 2061 1496 2134 Archelai,

286 2158 337 2233 qui
357 2157 536 2218 antecedenti
551 2143 678 2216 carmine
698 2157 873 2230 honoratur3
895 2167 994 2218 notum
1015 2159 1092 2216 euim
1112 2159 1207 2218 estin
1226 2157 1427 2235 degentibus,
1447 2175 1496 2232 pe

285 2271 337 2310 nes
356 2270 431 2329 quas
450 2251 609 2312 sacerdotia
627 2257 697 2310 sunt
716 2252 877 2328 antiquitus
898 2262 1026 2327 recepta,
1053 2253 1225 2329 saepissime
1250 2251 1336 2312 simul
1362 2267 1427 2309 cum
1447 2267 1494 2308 sa-

285 2364 401 2405 crorum
419 2346 582 2406 ministerio
602 2344 721 2404 nomina
740 2347 839 2404 eadem
866 2365 919 2424 per
939 2348 1028 2424 longa
1048 2359 1213 2426 temporum
1232 2347 1329 2425 spatia
1347 2351 1498 2418 tamquam

285 2458 338 2517 per
357 2459 460 2500 manus
479 2441 555 2500 uadi
576 2440 678 2500 solere.
719 2439 856 2500 Ceterum
875 2442 1085 2502 Archelaorum
1105 2460 1248 2520 proavum
1268 2442 1295 2500 si
1314 2439 1379 2517 quis
1399 2435 1501 2496 videa-

285 2544 333 2592 tur
362 2535 417 2594 sibi
441 2535 630 2614 deprendisse
654 2534 831 2594 Archelaum
862 2535 1001 2595 Archelai
1031 2535 1175 2619 notissimi
1200 2533 1386 2594 Mithradatis
1418 2535 1504 2594 duda

285 2629 393 2703 tilium,
418 2647 504 2706 quem
523 2627 678 2706 Pompeius
699 2627 845 2689 (iomanes
865 2627 987 2690 Pontica
1005 2631 1036 2690 in
1055 2633 1126 2691 urbe
1146 2631 1324 2691 sacerdotem
1343 2630 1503 2688 constituit
1574 2639 1575 2682 ι

288 2720 401 2797 (Strab.
422 2743 450 2801 p.
465 2724 546 2800 558),
565 2723 699 2802 equidem
718 2741 776 2782 non
796 2723 928 2784 obstabo.
1574 2683 1575 2757 i

288 2999 365 3063 82³.
404 3001 523 3064 Romae.
563 3001 595 3064 0.
615 3006 637 3066 I.
659 3003 771 3066 dolio.

690 3125 809 3220 Μητρὶ
829 3133 930 3198 θεῶν.

410 3223 465 3294 Ἐκ
487 3225 660 3298 dsxrirrsrc'
684 3225 812 3316 ἀνδρῶν
839 3230 970 3314 Φοίβου
992 3231 1250 3320 στεφανηφόρος
1271 3228 1360 3320 ipsuis

413 3328 587 3420 Κρήσνηνς
610 3325 757 3420 ἡγάθεός
778 3357 814 3400 τε
837 3331 1013 3417 Λεόντιος,
1036 3329 1175 3418 ἔνσοφοι
1197 3325 1322 3423 ἄνδρες,

506 3424 546 3512 ὃς
565 3434 626 3516 μὲν
647 3427 706 3499 ἄνι’
730 3427 897 3522 όντολίης,
920 3427 959 3513 ὃς
981 3435 1009 3501 d'
1033 3427 1085 3522 ἄρ’
1108 3427 1166 3520 ἀφ’
1189 3430 1357 3522 ἑσπερίης,

412 3527 509 3622 όργια
532 3534 727 3622 συνρέξαιτε
748 3537 829 3600 dada
852 3531 1049 3624 παμμήτορι
1068 3531 1169 3623 Ῥείηι

349 3641 369 3704 5
413 3632 593 3724 νριοβόλου
613 3638 748 3724 τελετῆς
771 3637 826 3702 καὶ
848 3630 1072 3722 τανροβόλοιο
1096 3637 1256 3724 φερίστης

511 3727 614 3824 ἦμασι
634 3732 856 3819 μνστιπόλοις
875 3736 989 3820 βωμὸν
1010 3733 1248 3825 ὑαιρτίθεσαν.

363 3873 477 3936 Titulus
497 3893 531 3934 eo
551 3873 599 3952 qui
619 3875 748 3951 sequitur
768 3875 800 3952 (i.
821 3896 846 3937 e.
865 3894 943 3936 anno
964 3875 1033 3952 370)
1054 3875 1208 3953 antiquior.
1220 3878 1284 3934 -l
1307 3877 1443 3936 videntur
1465 3893 1506 3934 ex
1570 3899 1571 3944 3

286 3969 450 4047 quindecim
485 3968 555 4027 viris
591 3969 689 4028 nescia
719 3989 778 4046 qua
807 3989 891 4030 sacra
920 3969 1080 4047 profanare
1109 3971 1311 4029 communione
1340 3971 1505 4032 coniunctis
1570 3953 1571 4033 i

287 4063 426 4124 Crescens
454 4073 483 4122 et
508 4063 648 4122 Leontius
680 4071 759 4123 sorte
782 4064 865 4124 electi
890 4082 953 4123 esse
984 4062 1036 4140 qui
1060 4061 1160 4122 Rheae
1188 4065 1278 4123 sacris
1303 4065 1503 4124 initiarentur.

286 4157 328 4218 Hi
347 4165 443 4220 antem
463 4158 537 4218 deae
555 4157 667 4236 gratias
687 4157 843 4218 referentes
863 4177 915 4239 pro
935 4159 1147 4220 consecratione
1167 4177 1249 4218 aram
1268 4167 1433 4237 posuerunt

789 4389 991 4402 ...ιι-ιιι·-

1563 4741 1568 4888 η
