3264 4918
334 393 371 440 vt
860 375 997 445 praefatio.

311 509 431 605 'codice
451 545 646 604 Palatinum
667 545 830 604 aar-340
857 535 929 623 rapui
957 549 1009 604 rui
1035 537 1190 624 μακαρίτου
1216 535 1361 621 Γρηγορίου
1387 541 1545 620 Raptam?

333 649 479 724 descripta
498 649 632 725 leguntur
652 667 762 725 quaeve
784 667 849 706 cum
869 647 920 706 alii
939 648 1095 722 scriptores
1116 656 1178 705 tum
1191 645 1353 704 Pausanias
1366 665 1402 703 ex
1417 643 1544 720 periege-

334 758 430 809 tarum
450 751 507 810 fide
527 751 603 809 haud
624 751 760 828 ambigua
779 750 897 810 rettulit
938 749 1022 824 Quae
1042 748 1140 808 omnia
1160 766 1218 806 una
1238 765 1302 806 cum
1317 746 1442 806 oraculis
1462 745 1541 804 aliis-

334 872 390 930 que
410 854 551 912 similibus
570 853 805 930 inscriptionibus
823 854 957 931 genuinis
970 851 1110 930 singulari
1124 849 1283 926 aliquando
1297 849 1372 908 libro
1387 847 1545 925 conplexus

334 955 427 1029 edam
447 975 539 1032 neque
559 956 654 1014 minus
675 975 749 1032 quae
769 965 884 1014 nostrae
904 954 1009 1013 aetatis
1029 953 1219 1031 antiquitates
1239 951 1436 1029 investigandi
1461 951 1545 1009 scdu-

334 1059 400 1117 litas
425 1059 646 1135 reperiendique
669 1059 792 1117 felicitas
818 1075 895 1117 nova
924 1055 1080 1134 protulerit
1109 1054 1253 1132 commem
1283 1059 1314 1112 et
1342 1073 1380 1112 ex
1409 1052 1546 1112 instituto

334 1161 457 1220 consilio
476 1167 601 1220 tractare
621 1177 748 1238 pergam

410 1263 525 1322 Inedita
543 1263 621 1322 haud
640 1265 683 1320 ita
703 1263 796 1321 multa
821 1261 892 1321 mihi
917 1268 1034 1340 praesto
1058 1261 1149 1321 fuisse
1174 1259 1387 1338 epigrammata
1411 1259 1476 1336 ipsa
1499 1276 1548 1315 res

334 1367 409 1426 tulit.
450 1365 530 1424 Nam
551 1365 604 1424 etsi
624 1365 784 1424 amicorum
804 1364 915 1423 auxilio
936 1383 1084 1442 nunquam
1104 1364 1258 1423 destitutus
1284 1362 1461 1440 accipiebam
1489 1360 1549 1418 lere

335 1489 409 1546 quae
435 1470 496 1528 sire
516 1469 629 1528 Romae
655 1474 686 1525 et
704 1467 830 1528 Athenis
855 1468 916 1526 sive
943 1469 974 1526 in
1002 1467 1068 1526 aliis
1088 1466 1230 1527 Grunnius
1250 1465 1391 1525 ltaliaeve
1415 1463 1549 1540 partibus

334 1573 560 1650 reperiebantur,
590 1579 685 1630 tamen
716 1571 840 1630 feliciter
869 1571 977 1630 factum
1008 1579 1052 1628 est
1081 1579 1114 1628 ut
1143 1576 1290 1628 nostrates
1320 1586 1396 1644 quae
1425 1565 1549 1624 alicuius

335 1682 432 1734 esseut
450 1673 590 1734 momenti
611 1675 649 1733 ad
670 1683 797 1733 veterum
818 1693 865 1734 res
885 1673 1058 1750 litterasque
1077 1671 1293 1750 cognoscendas
1313 1689 1401 1748 quam
1422 1667 1549 1746 primum

334 1779 397 1836 fieri
417 1784 519 1857 posset
537 1775 624 1835 edere
643 1775 817 1834 consuerint.
859 1776 936 1837 Sunt
955 1795 1024 1834 vero
1045 1793 1121 1851 quae
1140 1776 1254 1854 primus
1274 1792 1328 1852 ego
1347 1771 1471 1852 prodam
1485 1771 1550 1830 sire

335 1901 353 1939 a
372 1899 419 1938 me
438 1881 502 1956 ipso
523 1877 593 1936 olim
614 1877 762 1954 descripta
782 1877 843 1936 sive
863 1877 987 1936 aliorum
1008 1878 1148 1938 beneflcio
1167 1876 1275 1938 debita.

412 1979 569 2039 Difficilius
606 1989 668 2038 erat
704 1979 835 2038 conlecta
872 1979 1025 2056 generibus
1064 1981 1222 2040 inlustrare
1253 1977 1448 2054 partibusque
1480 1981 1552 2053 apte

334 2082 497 2142 discribere.
532 2081 606 2141 Cum
627 2081 753 2139 enimin
774 2101 863 2141 unum
883 2082 1142 2158 conprehendenda
1161 2091 1258 2144 esseut
1277 2099 1352 2159 quae
1371 2081 1471 2140 decem
1490 2079 1553 2138 t'ere

335 2184 518 2243 saeculorum
539 2184 636 2260 spatio
656 2184 687 2242 in
708 2184 841 2246 omuibus
862 2185 922 2243 sere
941 2185 1021 2244 orbis
1042 2195 1182 2244 terrarum
1203 2183 1349 2262 partibus,
1369 2183 1419 2242 ubi
1434 2182 1554 2259 quidem

335 2304 430 2345 sermo
444 2305 565 2363 graecus
581 2287 698 2363 vigeret,
718 2286 866 2362 lapidibus
880 2287 1019 2345 mandata
1031 2296 1137 2362 essent,
1158 2307 1217 2347 uon
1231 2307 1249 2346 e
1261 2307 1292 2346 re
1306 2287 1368 2345 lore
1386 2285 1555 2345 arbitrabar

335 2389 368 2462 si,
389 2389 466 2464 quod
486 2398 563 2448 recte
584 2389 692 2448 iaciunt
712 2389 762 2466 qui
781 2389 1005 2465 Inscriptionum
1025 2389 1157 2467 Corpora
1176 2390 1313 2461 condunt,
1341 2409 1378 2448 cx
1398 2387 1461 2448 solo
1485 2405 1554 2464 geo·

334 2490 474 2570 graphico
495 2492 544 2569 qui
565 2492 670 2552 dicitur
690 2492 791 2552 ordine
810 2492 1025 2570 epigrammata
1044 2493 1215 2572 digererem,
1234 2511 1293 2570 qua
1312 2492 1425 2552 scilicet
1441 2511 1473 2550 re
1487 2509 1554 2549 sae·

333 2594 400 2672 pius
413 2595 647 2672 disiungerentur
661 2614 735 2671 quae
747 2595 894 2672 iungenda
906 2605 989 2655 erant
1007 2595 1181 2672 diversaque
1194 2595 1281 2674 plane
1299 2595 1554 2666 conmisccrentur,

333 2697 383 2756 sed
397 2698 479 2755 varia
491 2703 728 2774 argumentorum
741 2717 848 2774 genera
861 2698 1072 2775 distinguenda,
1087 2708 1237 2774 praeterea
1247 2707 1410 2775 temporum
1421 2697 1556 2754 locorum

334 2799 441 2875 ingenii
470 2796 640 2874 disciplinae
669 2799 742 2856 artis
773 2799 846 2858 ratio
880 2799 1015 2859 habenda
1049 2808 1119 2860 erat.
1170 2800 1294 2860 Meliora
1334 2801 1412 2859 enim
1447 2807 1555 2874 quarto

333 2918 359 2959 a.
382 2899 449 2958 Chr.
470 2919 498 2957 n.
519 2916 608 2975 quam
627 2899 712 2956 tertio
732 2917 760 2976 p.
783 2899 851 2960 Chr.
872 2919 900 2958 n.
921 2902 1037 2960 saeculo
1061 2902 1244 2979 proveniunt,
1271 2902 1395 2960 meliora
1423 2901 1555 2977 plerum-

334 3018 390 3076 que
422 2999 545 3058 Athenis
578 3019 666 3077 quam
696 3001 773 3077 apud
799 3002 975 3063 Macedones
1001 3003 1159 3081 Syrosque,
1192 3003 1296 3064 melius
1324 3003 1430 3064 Graeci
1459 3021 1554 3080 quam

334 3102 451 3160 barbari
471 3103 564 3162 cultae
585 3102 700 3181 linguae
720 3123 785 3164 sero
810 3105 922 3165 adsueti
947 3106 1089 3182 locuntur,
1115 3114 1145 3168 et
1169 3107 1247 3185 quod
1271 3108 1480 3186 gravissimum
1507 3113 1556 3166 est

336 3203 367 3262 in
387 3205 474 3264 certis
495 3206 668 3281 quibusdam
692 3207 853 3267 dnmhbus
876 3210 1093 3287 provinciisque
1118 3217 1229 3272 certum
1262 3211 1409 3288 quoddam
1437 3211 1556 3270 dicendi

336 3305 535 3384 sentiendique
555 3327 646 3385 genus
668 3309 794 3370 florebat
813 3313 1067 3391 exercebaturque,
1088 3332 1164 3390 quae
1183 3331 1285 3374 omnes
1304 3333 1360 3388 res,
1386 3314 1411 3372 si
1436 3313 1556 3389 quidem

337 3410 399 3486 ipse
418 3410 489 3468 mihi
510 3418 644 3470 constare
664 3412 753 3485 volui,
773 3414 803 3472 in
823 3432 941 3474 censum
961 3416 1008 3476 rel
1031 3417 1159 3475 maxime
1185 3427 1267 3476 erant
1291 3417 1451 3477 vocandae.
1492 3415 1556 3475 Ita-

337 3530 391 3587 que
413 3521 444 3570 ut
463 3513 500 3572 de
520 3514 730 3590 sepulcralibus
751 3517 877 3592 primum
898 3517 991 3576 dicam
1010 3517 1106 3578 titulis
1126 3519 1252 3596 primam
1267 3528 1380 3596 partem
1394 3519 1555 3578 atticorum

336 3613 401 3686 feci,
422 3614 463 3672 ita
482 3621 580 3674 tumen
601 3623 633 3674 ut
653 3635 728 3694 qnae
747 3637 866 3696 graecae
885 3626 983 3680 esseut
1001 3620 1107 3680 aetatis
1127 3639 1261 3697 quaeque
1273 3639 1463 3680 romanorum
1479 3631 1555 3682 tem·

336 3735 438 3791 porum
459 3735 522 3777 esse
543 3719 710 3778 viderentur
733 3739 919 3780 secernerem.
959 3720 1101 3782 Subiuuxi
1126 3723 1289 3782 insularum
1309 3723 1456 3800 Asiaeque
1488 3725 1554 3802 epi-

336 3825 509 3893 grammata,
530 3821 560 3877 in
580 3819 687 3896 quibus
707 3821 812 3881 indolis
832 3841 953 3900 graecae
972 3824 1034 3881 sive
1054 3824 1147 3883 maris
1168 3825 1242 3884 artis
1267 3825 1474 3885 alexandrinae
1488 3827 1554 3886 lon·

336 3919 453 3996 gissime
472 3927 574 3996 patent
594 3921 716 3998 vestigia
735 3933 764 3980 et
783 3925 902 3982 fructus.
944 3923 1004 3986 Sed
1027 3929 1186 3988 earundem
1205 3928 1356 4006 regionum
1375 3947 1440 3988 cum
1465 3929 1556 4008 louge

336 4021 429 4078 maior
448 4041 517 4096 pars
537 4023 706 4082 inferiorum
726 4035 803 4084 esset
821 4034 985 4102 temporum
1008 4038 1037 4087 et
1062 4027 1213 4090 hominum
1236 4031 1431 4107 incultiorum,
1456 4033 1555 4110 priore

336 4123 401 4180 loco
421 4124 506 4198 posui
525 4123 653 4184 melioris
674 4136 760 4186 notae
780 4127 1001 4203 epigrammata,
1021 4131 1112 4191 altero
1132 4133 1312 4212 reliquomm
1331 4135 1553 4195 multitudinem

337 4223 430 4290 adieci
451 4225 667 4310 provinciarum
686 4229 747 4290 tere
767 4228 896 4290 ordinem
922 4239 1051 4297 secutus:
1082 4253 1151 4296 nam
1185 4238 1216 4302 iu
1248 4257 1338 4302 uuum
1368 4237 1553 4318 conponendi
