3160 4910
259 347 323 412 442
689 345 886 414 Epigrammata
902 343 1068 398 dedieatorIr.

258 519 321 574 rari
340 533 366 573 e.
386 533 415 592 q.
436 533 460 573 a.
471 547 509 557 —
521 514 559 574 29
573 530 714 574 nnmrtr
734 515 814 591 quod
833 533 899 574 eum
919 533 973 572 nee
993 503 1136 590 πλαγαπῖν
1154 514 1246 573 fuisse
1264 514 1360 592 possit
1380 515 1394 590 (
1446 514 1455 528 “

261 609 348 668 sisset
367 609 445 667 enim
466 595 625 686 πλαγατιίν)
645 628 698 668 nec
718 599 874 682 πλαγατέν,
894 616 986 668 restat
1005 609 1106 685 aliqua
1125 610 1250 668 nominis
1263 599 1412 684 iritum
1428 607 1488 664 Ior-

260 722 317 762 ma
337 736 376 746 -
397 703 435 763 30
453 719 584 762 zenam
605 747 612 760 .
633 747 640 762 .
663 747 670 762 .
694 719 793 760 ,Αιαι
812 690 967 775 «sitirem
986 703 1051 761 κατ’
1072 699 1170 782 αἰθέρα
1189 703 1297 780 Bergk,
1324 720 1402 778 quae
1430 719 1488 758 non

262 795 370 855 habent
390 816 448 873 quo
467 799 639 873 pertineant
680 795 797 872 Sauppe
817 784 959 874 λαξαπᾶρον
977 795 1121 874 intellegit
1139 798 1289 856 zodiacum
1309 795 1378 854 eoll.
1398 797 1487 854 Atat.

262 909 289 949 v.
303 889 360 950 526
380 888 392 948 ὅ
415 885 444 949 δὲ
462 890 592 970 τέτρατος
619 881 747 968 (καλλος)
772 877 934 969 dediturus
959 879 1038 964 λαξός
1062 891 1087 950 ἒν
1112 887 1288 971 ἀμφοτέραις.
1307 923 1347 934 -
1369 890 1403 946 31
1430 894 1486 967 φαι

261 1000 348 1043 reone
368 985 447 1062 quod
466 977 587 1064 pedone
608 993 796 1043 correxerunt
814 982 914 1060 Bergk
934 993 964 1042 et
982 983 1113 1062 Sauppe;
1134 977 1246 1064 ᾠαίνανα
1266 982 1407 1042 Weleker
1429 1003 1482 1040 ex-

260 1077 418 1155 plicatione
442 1099 500 1138 non
526 1079 635 1138 addita
682 1078 801 1136 Invenio
827 1077 1003 1136 uocabulum
1032 1097 1078 1154 ap.
1108 1079 1194 1137 Mart.
1221 1075 1294 1155 Gap.
1322 1075 1398 1136 VIII
1430 1076 1486 1133 851

261 1170 416 1230 Satumum
435 1173 590 1232 Phaedone
611 1174 707 1230 dicum
727 1170 873 1246 Iovemque
889 1171 1065 1230 Plaetorium
1084 1169 1147 1232 ooll.
1163 1171 1229 1232 886.
1260 1170 1308 1230 De
1327 1171 1384 1230 hoe
1404 1179 1487 1229 certe

261 1284 319 1325 non
339 1267 444 1344 agitur.
466 1301 504 1312 -
526 1267 562 1326 32
583 1283 625 1324 ΑΝ
644 1260 675 1324 ἵν’
698 1264 795 1342 Bergk
815 1271 846 1323 et
865 1261 992 1342 Sauppe.
1013 1299 1051 1309 -
1072 1266 1108 1324 33
1128 1281 1239 1324 erardo
1259 1266 1319 1324 iota
1343 1284 1404 1324 non
1434 1264 1488 1322 ad-

262 1360 380 1437 scripto.
401 1394 439 1404 —
459 1362 497 1420 35
517 1378 617 1419 rrum
636 1353 720 1435 ᾔνεσα
741 1355 872 1434 Sauppe,
893 1349 981 1434 ἤνυσα
1001 1358 1110 1437 Bergk.
1143 1357 1190 1418 De
1210 1361 1320 1419 aorieto
1340 1349 1430 1434 ἤνετα
1451 1359 1490 1416 ab

261 1443 317 1512 dre
342 1453 429 1512 dueto
457 1455 585 1514 timidius
611 1433 737 1512 iridieavi
762 1470 851 1528 supra
875 1453 912 1511 ad
935 1454 1047 1526 n.491,
1068 1457 1092 1512 1.
1117 1487 1155 1497 -
1181 1454 1216 1512 37
1237 1469 1346 1512 emere
1367 1496 1403 1511 ..
1429 1468 1490 1508 m

262 1539 297 1605 eri
313 1569 345 1606 τε
359 1535 476 1617 osidius
491 1547 610 1627 Sauppe
630 1555 660 1606 et
673 1545 777 1623 Bergk.
799 1538 862 1605 aire
883 1533 1000 1616 αελίνας
1021 1545 1048 1615 ἒς
1069 1539 1187 1606 derivet
1206 1543 1309 1624 idida,
1328 1534 1490 1614 τεθαλᾶτας

262 1631 350 1721 ἄρκιον
371 1637 448 1721 ἔργον
469 1641 574 1722 φέγγος
592 1641 752 1714 Hermann,
777 1641 807 1697 In
828 1641 932 1717 quibus
958 1659 1024 1699 eum
1049 1633 1113 1700 eive
1138 1661 1196 1700 non
1222 1641 1402 1720 intellegam,
1433 1641 1491 1698 hoc

261 1746 359 1793 tamen
378 1746 455 1795 reete
474 1738 661 1795 observatum
680 1741 763 1811 puto,
785 1726 827 1793 ἐπὶ
847 1732 952 1813 φέγγος
973 1725 1046 1808 ἄγειν
1067 1754 1169 1812 graece
1182 1735 1238 1795 diei
1252 1756 1311 1796 non
1324 1753 1415 1812 posse
1431 1753 1489 1810 pro
1577 1723 1578 1756 ³

262 1821 304 1888 tul
325 1822 398 1908 ψοίας
419 1821 502 1904 ἄλγεα.
543 1829 657 1887 Vocula
676 1821 711 1886 si
728 1829 766 1886 ad
785 1815 940 1898 τεθαλᾶτας
960 1828 1125 1901 referenda3
1146 1817 1235 1909 ἔρτας
1255 1831 1354 1890 neseio
1373 1849 1414 1888 an
1438 1850 1487 1889 eo-

262 1922 327 1981 dem
348 1941 406 1999 quo
426 1913 515 2002 ἰίραιος
532 1922 696 1998 significatu
715 1923 846 2000 positum
864 1923 980 1983 eredere
1000 1923 1094 1983 liceat.
1124 1923 1227 2000 Itaque
1239 1925 1295 1982 hoe
1309 1923 1379 1982 dicit
1390 1935 1492 2000 poeta

262 2033 321 2089 ego,
339 2020 523 2090 gmerodooia
542 2019 658 2088 initium,
677 2020 739 2074 viro
759 2017 898 2075 tardiorem
916 2021 1021 2076 3οαίαυί
1038 2025 1064 2075 et
1082 2019 1123 2076 od
1141 2019 1273 2076 ἀεαίταααι
1293 2017 1375 2077 lunae
1392 2037 1490 2079 reme-

261 2119 345 2182 atum,
368 2129 440 2186 quae
458 2110 506 2167 lue
525 2119 595 2186 opta
615 2119 655 2168 eet
675 2109 740 2168 bene
759 2109 855 2168 odalto
868 2113 952 2185 fetui,
973 2113 1109 2185 insontem
1128 2113 1209 2170 modo
1229 2111 1273 2188 (in
1291 2115 1383 2188 utero)
1395 2133 1489 2188 gene-

260 2212 353 2262 ratum
373 2205 456 2262 edati
469 2193 644 2280 (ἐπαγαγαν).
657 2235 693 2247 -
706 2223 752 2262 vv.
768 2203 805 2263 39
817 2237 829 2248 -
839 2204 877 2262 43
891 2203 1025 2282 intellege
1039 2205 1163 2264 hseiooe
1176 2223 1240 2264 uero
1253 2205 1365 2265 libidini
1376 2213 1491 2268 aenea

261 2301 388 2357 resistent
409 2301 481 2356 ε’ταηι
500 2317 586 2356 meam
607 2301 716 2356 minata
729 2317 797 2368 mm,
819 2299 915 2374 quood
927 2300 967 2356 od
980 2299 1109 2357 Plutonia
1123 2301 1268 2374 mugientia
1282 2300 1385 2359 cubilia
1398 2321 1489 2361 oene-

261 2395 313 2467 rit,
340 2402 421 2470 ‹dqrie
441 2396 544 2451 amoris
565 2393 721 2468 arpertidue
741 2402 899 2450 dirutorum
918 2398 1082 2470 voraginum
1108 2395 1263 2452 custodium
1287 2398 1390 2470 gravio
1410 2415 1489 2471 per-

257 2491 394 2563 peruris,
414 2487 443 2545 in
459 2487 564 2563 quibus
585 2485 700 2564 singula
713 2488 801 2546 verba
817 2506 835 2544 a
849 2485 980 2564 Sauppio
994 2495 1141 2547 mutuatus
1155 2507 1228 2562 eum,
1249 2486 1301 2565 qui
1314 2490 1492 2548 universam

261 2582 434 2641 sententiam
454 2600 513 2639 non
534 2581 607 2639 bene
625 2579 775 2641 intellexit.
807 2568 950 2660 μυκᾶμων
964 2569 1062 2657 'Ardere
1082 2588 1201 2641 uocatur
1220 2583 1284 2640 eive
1308 2583 1387 2640 leoni
1412 2603 1490 2644 oon-

261 2682 383 2752 paratue
402 2680 437 2732 ut
456 2676 573 2752 saepius
593 2675 623 2732 in
644 2674 734 2732 saeris
754 2673 847 2747 libris,
872 2675 935 2733 eive
955 2684 987 2734 ut
1006 2674 1077 2736 Oroi
1097 2675 1250 2754 voragines
1272 2675 1412 2752 mugienti
1435 2697 1490 2737 so-

261 2769 325 2826 nitu
348 2786 504 2827 concussae
523 2778 611 2845 atque
630 2767 778 2845 disruptae
798 2767 1003 2846 significentur.
1045 2770 1180 2830 ceterum
1200 2770 1236 2828 ol.
1259 2769 1348 2846 Apul.
1370 2769 1388 2830 l.
1408 2789 1437 2828 a.
1462 2792 1487 2832 α.

263 2860 305 2918 XI
326 2861 343 2918 6
359 2861 448 2936 plone
467 2862 709 2922 meminent-milti
727 2861 837 2936 reliqua
856 2867 928 2920 ortae
946 2873 1010 2922 tuoe
1030 2865 1172 2921 curriculo
1192 2865 1232 2922 od
1244 2880 1331 2937 παφα
1349 2867 1488 2922 minos

262 2955 352 3013 ultimi
371 2958 483 3032 spiritus
502 2957 615 3014 vadato.
627 2987 665 2998 —
677 2958 750 3013 vives
768 2959 798 3012 in
817 2973 878 3012 mea
899 2955 981 3014 tutela
1001 2957 1138 3033 gloriosus
1157 2967 1183 3015 et
1202 2976 1265 3015 oum
1284 2960 1400 3032 spatium
1415 2976 1489 3017 aue-

264 3049 318 3107 euii
337 3052 377 3107 tui
391 3067 554 3124 pomeriata
574 3050 614 3106 od
632 3051 737 3121 inseror
758 3049 906 3124 deuiam,
931 3051 971 3110 tte·
991 3070 1163 3128 putoque-me
1182 3069 1266 3127 priam
1285 3051 1359 3108 uides
1385 3051 1486 3112 Acue-

262 3146 350 3202 rontia
372 3143 488 3201 tenedria
508 3143 707 3201 interiuonuem
726 3141 882 3218 Stygiasque
897 3147 1087 3220 penetraliter
1099 3143 1431 3220 regnantem-adorabis.
1445 3181 1487 3190 —

263 3237 300 3295 43
311 3241 528 3315 αεΛΑταφΑΡοΝ
549 3236 748 3317 μελαμψαριῦν
767 3235 866 3314 Bergk
873 3260 882 3310 ;
902 3256 972 3296 nam
991 3237 1120 3318 βέρεθρα,
1140 3259 1197 3298 non
1218 3227 1337 3318 deidei
1349 3240 1489 3315 postulat

263 3331 443 3391 adiecti-um.
475 3329 533 3390 Sed
547 3330 709 3388 Hermanni
730 3331 868 3389 eorrectio
888 3329 1084 3410 μελαμψαέων
1103 3333 1287 3410 praeplacet3
1307 3333 1342 3392 ol'.
1363 3332 1487 3394 Oaroini

262 3425 336 3483 snb
362 3423 402 3484 N.
429 3417 512 3484 δῦναί
532 3445 563 3484 τε
586 3419 669 3498 γαίας
694 3421 926 3504 depalationis
952 3415 1070 3504 μυχούς.
1091 3459 1127 3470 -
1153 3427 1191 3484 45
1212 3413 1352 3507 nuperius
1376 3427 1485 3488 Herm.

263 3519 382 3579 Adtulit
396 3519 513 3596 Sauppe
533 3516 624 3576 schol.
639 3517 696 3577 Od.
716 3539 731 3594 ρ
752 3519 806 3577 361
823 3505 919 3597 mipve·
940 3505 1034 3596 inipive
1048 3513 1128 3578 αἴτια
1141 3553 1176 3563 -
1190 3511 1353 3602 ὸλαεξᾶνὸρωτ
1365 3519 1470 3598 Bergk
1475 3545 1485 3594 ;

264 3609 330 3667 dein
344 3625 520 3669 auerteretur
540 3621 569 3670 et
588 3612 626 3672 46
641 3626 832 3670 εκθοΜεΝΑΝ
853 3611 1043 3689 probabiliter
1054 3631 1126 3672 oorr.
1140 3611 1305 3686 Hermann3
1325 3611 1486 3691 ἐχθαμέταν

264 3711 331 3759 ante
350 3695 470 3780 βρώμαν
494 3704 638 3781 lapicidae
657 3724 738 3763 error
757 3705 829 3763 satie
855 3705 1044 3779 excusabilis,
1070 3705 1104 3765 of.
1125 3723 1216 3782 supra
1234 3726 1261 3766 n.
1278 3705 1345 3776 243,
1356 3705 1402 3763 22.
1446 3707 1483 3765 In

264 3811 297 3850 eo
318 3811 405 3869 quem
426 3794 544 3874 Sauppe
565 3799 673 3858 adtulit
691 3798 817 3857 Diodori
836 3797 900 3857 loeo
921 3798 950 3874 (I
972 3799 1022 3876 14)
1042 3817 1100 3856 non
1128 3797 1245 3875 quidem
1270 3799 1401 3858 victimas
1425 3799 1483 3859 hu-

263 3905 365 3946 manas
378 3887 435 3947 Isis
455 3891 634 3968 exstirpasse
654 3903 796 3967 narratur,
816 3892 867 3952 sed
888 3893 995 3951 παῦσαι
1013 3895 1061 3967 τῆς
1081 3885 1293 3971 ἀλληλοφαγίας
1313 3883 1342 3951 ri
1363 3895 1418 3952 ruit
1434 3892 1482 3952 dv-

263 3971 380 4059 dpw'nwv
398 3981 482 4056 γένος,
502 3983 638 4044 frumenti
657 4005 743 4045 nsum
761 3985 891 4044 homines
911 3987 1031 4059 doeens3
1051 3991 1083 4044 at
1102 4004 1167 4044 oum
1185 4003 1243 4062 quo
1257 3997 1412 4045 vescuntur
1425 3986 1481 4048 ho-

263 4075 355 4134 mines
375 4075 404 4134 id
426 4077 489 4136 deis
509 4079 669 4138 sacrificare
689 4079 808 4154 soleant,
828 4078 912 4138 facile
931 4089 1019 4156 poeta
1037 4079 1094 4137 nisi
1113 4079 1187 4137 forte
1200 4079 1288 4137 etiam
1307 4079 1342 4138 de
1355 4080 1482 4140 victimis

262 4170 396 4229 humanis
416 4171 453 4228 ab
474 4169 550 4230 laide
570 4172 689 4232 abolitis
708 4173 816 4235 famam
838 4180 990 4256 acceperat
1002 4192 1063 4231 rem
1082 4171 1232 4253 paululum
1258 4173 1405 4234 inmutare
1424 4193 1482 4252 po-

262 4264 324 4329 tuit.
343 4295 382 4310 -·
