3160 4910
204 346 249 400 111.
281 352 418 416 poetarum
438 349 578 402 memoriae
596 349 680 404 facete
697 347 795 404 ludicre
812 351 947 418 sapienter
964 349 1034 404 dicta
1052 355 1094 404 cet
1206 354 1269 420 503

52 513 132 683 isli}
175 515 320 592 Gallopoli
339 517 369 575 in
390 518 534 580 cochleari
553 525 702 596 argenteo.
742 518 867 580 Newton
886 519 1002 582 Trapeia
1022 521 1082 580 aad
1095 514 1267 584 mumma

52 629 65 666 o
129 621 210 668 event
228 631 257 688 p.
283 612 346 674 123.

142 726 207 811 “oe
229 736 267 804 de*
288 733 460 824 Κόρινθον
482 733 570 803 ἔναιε
589 731 715 816 ‘duriori
740 735 903 825 apurdecv‘
927 737 1149 826 Περίανδρος,

249 835 329 904 ὅταν
349 843 480 928 μισ[ῆ]ι
503 861 540 904 σε
563 833 583 927 ἡ
609 835 693 924 φίλη
718 861 789 902 σου.

127 973 305 1036 Hexameter
325 986 457 1055 sumptus
476 997 514 1035 ex
534 975 661 1034 carmine
675 976 711 1032 Δ.
727 975 762 1034 Ρ.
776 974 822 1032 lx
845 975 910 1048 666,
932 977 980 1035 u'bi
1000 978 1088 1037 codex
1103 977 1166 1036 Pal.
1181 971 1268 1057 χόλου

50 1067 178 1146 κρατέειν,
210 1071 267 1128 duo
291 1089 361 1129 vero
387 1069 513 1130 Parisini
538 1070 636 1149 θυμοῦ
659 1067 788 1148 κρατέειν,
815 1088 890 1146 qnae
914 1071 970 1128 etsi
996 1073 1092 1130 verani
1117 1091 1176 1131 non
1200 1082 1269 1150 apta

50 1163 190 1222 vetustior
203 1171 302 1223 tamen
322 1175 350 1223 et
369 1164 515 1243 vulgatior
535 1165 650 1223 videtur
663 1164 823 1222 sententiae
842 1163 942 1224 forma
976 1163 1111 1224 Ceterum
1125 1166 1267 1225 Autholo·

48 1257 111 1332 giae
139 1275 253 1316 carmen
279 1260 407 1320 eiuedcm
427 1269 506 1337 puto
533 1265 636 1337 poetae
666 1275 730 1316 esse
755 1258 836 1316 cuius
862 1267 930 1316 sunt
955 1257 1011 1317 v11
1039 1259 1073 1318 81
1101 1265 1131 1318 et
1156 1259 1198 1317 IX
1220 1259 1266 1333 26,

49 1351 201 1426 Antipatri
221 1364 375 1430 utrumque
395 1374 451 1414 non
473 1352 584 1414 Sidonii
604 1352 655 1410 sed
674 1350 948 1412 Thessalonicensis.
973 1351 1118 1412 —Verba
1137 1343 1202 1413 irae
1221 1378 1266 1434 μι-

48 1449 89 1520 eir
103 1442 166 1520 σεῆ
182 1440 248 1525 pira
262 1469 312 1506 σου
326 1449 356 1506 in
370 1448 521 1508 manubrio
541 1447 651 1522 scripta
670 1443 786 1504 addidit
806 1447 856 1523 qui
876 1447 987 1506 amicus
1006 1449 1132 1508 amicum
1151 1458 1267 1526 praeter

47 1539 255 1617 supellectilem
274 1542 374 1601 utilem
395 1541 509 1600 utiliore
530 1539 651 1600 consilio
671 1539 811 1614 inpertire
831 1539 929 1600 voluit

47 1819 130 1878 1114.
172 1818 205 1878 In
225 1838 324 1879 museo
343 1819 512 1878 Britannico
536 1819 565 1877 in
585 1817 728 1878 cochleari
747 1827 892 1895 argenteo.
932 1818 1057 1880 Newten
1077 1820 1191 1878 Travcis
1209 1827 1265 1882 cet.

47 1913 94 1989 (cf.
115 1913 164 1974 ad.
185 1915 229 1973 tit
250 1915 395 1990 praeced.)
414 1933 442 1991 p.
468 1913 530 1974 123.

449 2037 562 2122 Τέρμα
586 2036 614 2102 d’
637 2029 720 2122 ὁρᾶν
740 2033 868 2120 βιότου.

123 2177 172 2235 Ex
197 2177 295 2236 eodem
324 2177 401 2236 unde
428 2176 606 2254 epigramma
631 2175 804 2235 antecedens
830 2175 1022 2254 Anthologiae
1047 2177 1189 2250 carmine,
1214 2177 1266 2240 ubi

46 2271 158 2348 integer
180 2289 278 2330 versus
299 2269 345 2329 hic
365 2277 410 2330 eat
426 2267 528 2349 ‘rippa
549 2264 574 2328 δ’
594 2265 657 2347 ἆρᾶν
677 2255 780 2345 βνίτοιέ
802 2260 901 2333 Σόλων
923 2267 1002 2350 ἱεραῖς
1023 2261 1207 2345 ὲνἈθνίναις.

47 2549 128 2612 1115.
168 2550 312 2626 Lugduni.
353 2551 386 2611 O.
406 2550 429 2609 1.
451 2548 535 2610 6792.

122 2731 159 2790 D.
176 2731 217 2788 Μ.
251 2729 401 2789 ῙΛωννείαν
420 2727 548 2787 Valeriae
568 2726 633 2789 Sec.
651 2728 738 2786 Aviass
750 2725 899 2784 flemme
920 2729 1029 2800 coaiupi
1047 2725 1099 2784 sits·
1117 2725 1260 2803 merides)

46 2835 68 2880 α
87 2825 142 2882 site·
161 2829 241 2884 vivus
256 2829 354 2900 posuit
372 2833 398 2881 st
415 2821 465 2882 aab
484 2826 566 2880 ascio
585 2823 730 2880 dedicerat.

126 2944 164 3012 Ὁ
188 2945 318 3032 φθόνος
341 2941 386 3024 ὡς
408 2942 509 3010 κακόν
532 2943 631 3010 ἐστιν·
657 2941 705 3027 ἕχι
727 2939 790 3030 γάρ
812 2967 845 3009 τι
866 2941 969 3008 καλὸν
991 2943 1025 3008 ἐν
1048 2937 1149 3031 αὑτῷ·

218 3045 293 3137 tejas
316 3047 377 3132 γὰρ
400 3049 578 3132 φθονερῶν
602 3039 734 3128 ὄμματα
756 3044 813 3111 καὶ
836 3044 987 3132 κραδίην.

122 3187 242 3264 Legitur
261 3187 441 3262 epigramma
460 3184 495 3243 P.
519 3183 559 3243 xl
583 3184 647 3257 193,
673 3183 723 3242 ubi
743 3182 819 3242 male
839 3179 851 3240 i
873 3173 973 3261 φθίνος
993 3173 1052 3240 ἐστὶ
1077 3173 1206 3250 uniames
1231 3189 1262 3241 et

44 3281 150 3340 melius
171 3276 226 3360 ἔχει
246 3276 278 3339 a
295 3301 321 3338 τι
340 3267 423 3338 naida
443 3277 469 3337 ἒν
489 3276 578 3356 αὐτῷ.
620 3276 800 3338 Sententiam
820 3276 973 3335 adnotavit
991 3274 1097 3335 Iccobs
1115 3295 1154 3334 ex
1170 3274 1259 3334 isocr.

43 3375 138 3450 Euoq.
166 3374 184 3434 6
211 3374 332 3451 petitam
358 3392 427 3432 esse.
450 3407 484 3415 -
507 3371 616 3432 Versus
641 3387 758 3448 graecos
783 3369 821 3428 ab
846 3367 1028 3446 Hieronymo
1054 3369 1095 3446 (ia
1120 3373 1195 3446 φὺν.
1221 3370 1262 3428 ed

45 3467 142 3526 Galat.
160 3467 206 3527 111
227 3468 258 3544 5)
279 3467 369 3526 iatine
388 3486 488 3526 versos
508 3464 682 3524 monstrarit
701 3463 804 3541 Haupt
826 3463 928 3542 Opuac.
949 3461 992 3520 111
1013 3464 1082 3524 338:

286 3598 383 3654 tratur
402 3594 512 3652 invidia
530 3591 600 3650 aiiii
617 3601 667 3664 ast,
686 3609 758 3668 puae
773 3594 900 3667 protam
918 3594 1010 3666 ipsam

362 3697 501 3746 erectorem
520 3685 596 3744 rodit
615 3687 809 3761 saeuamque
828 3688 958 3744 unimam.

42 3967 130 4026 mc.
168 3966 313 4045 zacynthi
332 3967 361 4024 in
382 3965 525 4045 epistylio.
565 3964 643 4026 cr.
665 3963 748 4024 reas.

190 4087 228 4154 ‘O
251 4087 383 4176 φθόνος
405 4084 505 4167 eicis
527 4087 646 4156 ἑαυτὸν
668 4086 737 4166 ἑοῖς
757 4087 909 4170 βελέεσσι
934 4087 1084 4170 δαμάζει.

122 4227 241 4306 Legitur
260 4247 361 4290 nemus
380 4231 417 4290 Δ.
439 4228 474 4288 Ρ.
495 4228 526 4288 X
550 4229 612 4289 lii.
654 4225 699 4288 cf.
720 4225 760 4286 ad
778 4225 824 4286 tit.
842 4226 975 4306 praeced.

550 4389 752 4404 -ι--ᾒ
