3232 4906
289 359 350 426 106
709 365 905 436 Epigrammata
923 365 1088 435 sepulcralia.

326 529 369 593 20
411 525 518 594 aeoli
539 554 572 594 τι
594 526 733 597 πασάων
756 526 1013 618 προφερεστάτη
1034 527 1110 597 ἔσκε
1133 535 1324 618 [γυναικῶν.

412 629 469 695 καὶ
491 631 519 696 d’
542 625 625 718 utar}
648 627 758 720 αάιρρ
779 658 836 714 μιν
858 627 1021 718 desipere
1043 631 1264 718 uvdue'vov[oa

410 733 504 796 πᾶσα
525 729 594 813 ἅμα
615 734 784 822 μυρομένη
805 757 841 800 re
863 729 984 818 τάφοις
1005 729 1204 822 ἒνοθὴκαι[ο
1227 735 1351 799 τοῖσδε.

361 865 513 928 Hadriano
535 870 679 929 recentius
705 889 768 930 esse
790 872 872 930 docet
892 889 919 929 v.
933 873 960 931 6.
1001 871 1075 930 Eius
1100 871 1176 930 enlm
1196 877 1290 931 aetate
1315 875 1408 948 coepti
1429 877 1498 931 sunt
1611 871 1612 916 l

285 959 390 1021 Graeci
411 971 439 1020 et
458 963 583 1023 Romani
603 965 659 1024 isto
679 965 764 1025 modo
784 966 860 1023 inter
878 983 909 1024 se
929 966 1072 1044 coniungi,
1092 975 1125 1024 ut
1144 971 1261 1041 praeter
1280 984 1329 1024 eos
1349 966 1408 1024 alia
1428 985 1498 1044 gene

284 1055 365 1114 nulla
384 1075 448 1115 esse
473 1059 628 1132 videretur,
652 1059 687 1118 ci.
708 1059 772 1118 Keil
794 1057 864 1134 Syll.
888 1063 972 1119 inser.
994 1060 1092 1118 Boset.
1116 1059 1179 1119 122.
1199 1093 1236 1102 —-
1259 1061 1272 1116 1
1296 1055 1388 1138 ἔξοχον
1408 1061 1498 1118 etiam

284 1150 309 1206 ei
330 1151 469 1226 scripsere
494 1153 543 1228 qui
570 1171 606 1212 ex
626 1154 725 1230 pravis
745 1153 921 1231 apographis
942 1146 1083 1228 ἐπίληπτον
1103 1153 1244 1230 legebant.
1265 1187 1302 1198 -
1323 1152 1341 1210 2
1361 1144 1407 1211 καὶ
1429 1145 1499 1233 θριί-
1611 1159 1612 1164 ’

284 1265 330 1314 σος
348 1245 480 1320 Boeckh3
501 1248 598 1324 recepi
618 1248 719 1308 Rossii
738 1247 970 1324 supplementum
990 1247 1056 1306 licet
1069 1247 1191 1308 lacunae
1204 1249 1331 1325 spatium
1347 1247 1499 1310 excedens.

284 1370 319 1382 -
342 1340 368 1398 3.
394 1342 421 1402 6.
444 1343 488 1398 11.
509 1343 603 1419 suppl.
624 1342 712 1404 Roas.
731 1375 769 1386 —
790 1342 808 1400 5
835 1361 870 1401 ex
898 1341 1039 1420 Stephani
1064 1343 1233 1422 apographo
1259 1349 1374 1402 constat
1398 1342 1435 1400 de
1459 1342 1501 1400 le·

283 1434 377 1503 ctione
390 1434 570 1512 Πανέλλησιν,
592 1436 667 1494 unde
681 1438 717 1496 ab
731 1437 815 1496 initio
836 1437 955 1495 verbum
973 1438 1202 1515 recuperandum
1222 1443 1295 1510 erat,
1314 1436 1360 1496 cui
1381 1436 1501 1496 dativus

282 1529 361 1606 iungi
385 1537 494 1608 posset.
515 1563 553 1574 —
573 1531 591 1590 6
615 1531 766 1608 legebatur
790 1523 895 1610 πατρίς,
922 1530 957 1590 ci.
984 1552 1011 1590 r.
1035 1532 1069 1590 12
1098 1538 1127 1590 et
1151 1531 1197 1590 21.
1244 1530 1382 1590 Notanda
1405 1549 1502 1606 prava

283 1622 435 1682 verborum
461 1625 640 1697 cumccati05
669 1625 794 1684 debebat
813 1624 890 1682 enim
914 1623 1047 1704 ποταμοῖο
1073 1622 1132 1704 παρ’
1157 1621 1258 1704 ὅχθαῒς
1278 1631 1311 1684 ut
1329 1623 1363 1682 ll.
1385 1631 1411 1684 Δ
1431 1624 1501 1682 487.

282 1749 319 1759 -
341 1715 359 1774 9
380 1714 475 1785 είςοκεν
494 1718 581 1778 Ross.
602 1707 705 1778 οάνειιεν
731 1717 852 1776 Boeckh
875 1719 903 1778 h.
924 1737 948 1776 e.
969 1723 1036 1794 qaia
1055 1720 1141 1778 aedili
1161 1721 1220 1778 loco
1235 1737 1308 1796 puer
1327 1727 1410 1776 οοιιιε
1428 1728 1500 1776 εισι.

281 1843 319 1853 -
338 1811 372 1868 10
385 1809 466 1870 κεῖνον
480 1812 607 1872 Boeckh
622 1816 660 1874 A.
681 1813 715 1872 P.
734 1811 808 1872 VIII
827 1813 883 1872 483
905 1807 982 1872 ἔσται
1003 1801 1060 1892 μάν
1079 1799 1095 1870 d
1106 1834 1139 1886 γε
1159 1811 1222 1880 παῖς
1242 1803 1277 1870 ἐνὶ
1298 1803 1412 1890 ὣάμασι
1430 1818 1501 1890 ‘bep-

283 1901 426 1983 σεψονείοις
446 1901 571 1980 παίγνιον,
602 1909 650 1965 nbi
680 1907 756 1984 quod
780 1906 928 1965 Planndes
952 1906 1041 1965 habet
1065 1900 1261 1987 Φερσεφονείας
1283 1906 1442 1982 acciperem
1473 1908 1501 1965 si

283 1998 426 2075 legeretur
445 1989 460 2058 ί
471 2022 504 2074 γε
525 2000 580 2070 σοῖς
601 1993 635 2060 ἐνὶ
655 1994 768 2080 δαίμοσι
787 2001 807 2062 i.
829 2020 853 2061 e.
874 1999 1015 2060 Plutonis.
1036 2035 1073 2046 -
1090 2001 1124 2058 12
1144 1993 1280 2080 Μουσαίῳ
1299 1999 1427 2074 Bocckh,
1448 2003 1502 2076 qui

283 2091 467 2154 Nicocratem
492 2096 531 2170 (v.
550 2097 582 2172 4)
607 2095 700 2156 filium
724 2114 788 2156 esse
812 2094 935 2171 sumpsit
958 2095 1071 2154 Musaei
1095 2102 1125 2154 et
1149 2094 1289 2156 Paulinae
1315 2095 1353 2172 (v.
1372 2096 1416 2154 15.
1440 2095 1500 2171 16),

282 2187 402 2246 fratrem
422 2190 545 2268 Amelii
566 2191 604 2268 (r.
620 2191 677 2267 14).
697 2224 734 2233 -
755 2190 884 2250 Alterum
910 2207 1025 2248 carmen
1050 2188 1158 2250 litteris
1182 2189 1387 2266 grandioribus
1413 2208 1501 2250 orne·

283 2281 460 2360 tionibusque
488 2283 628 2361 scriptum
658 2285 779 2344 eandem
808 2291 906 2342 tamen
937 2281 1063 2344 indolem
1093 2283 1197 2362 prodit.
1223 2317 1260 2327 —
1288 2284 1322 2341 13
1352 2271 1399 2358 τὴν
1429 2273 1501 2363 ἱεράν

282 2375 313 2434 in
333 2378 485 2437 nodssimo
506 2397 589 2438 versu
609 2379 695 2437 etiam
715 2380 805 2456 epigr.
825 2378 989 2437 Prusannm
1011 2377 1101 2454 (inira
1120 2398 1147 2436 n.
1169 2376 1249 2452 354),
1270 2361 1316 2450 τάν
1331 2365 1397 2454 ἱερὴν
1416 2379 1454 2437 Α.
1467 2377 1497 2438 Ρ.

284 2469 338 2530 VII
359 2473 376 2529 3
397 2478 426 2531 et
444 2473 500 2532 362
521 2484 549 2532 et
568 2475 612 2533 tit.
634 2491 773 2532 romanus
794 2471 930 2531 Welcker
950 2471 1022 2545 Syll.
1043 2473 1090 2532 84.
1111 2505 1148 2515 -
1173 2471 1206 2530 16
1232 2485 1311 2528 ssimi
1332 2469 1499 2546 Stephanus

281 2564 395 2624 hastam
415 2577 483 2642 post
507 2589 538 2626 τε
558 2587 615 2626 non
628 2567 756 2626 litteram
778 2583 839 2624 esse
859 2567 910 2626 aad
930 2566 1192 2644 interpunctionem
1213 2563 1378 2623 adfirmans.
1406 2556 1497 2644 μήτηρ

282 2658 406 2718 Boeclrh.
426 2693 464 2704 -
487 2663 522 2720 17
536 2680 579 2738 sq.
602 2662 696 2740 suppl.
717 2659 843 2719 Boeekh.
864 2693 902 2704 -
926 2661 960 2718 19
985 2675 1090 2721 res..1
1112 2658 1213 2736 Steph.
1233 2681 1263 2717 τε
1283 2644 1347 2716 νάοιο
1368 2657 1498 2727 Bceckh.

148 2795 153 2804 ·
281 2745 329 2812 καί
349 2749 421 2812 aldai
437 2754 522 2814 Rosa.
542 2787 579 2802 -
601 2753 638 2812 22
659 2753 753 2831 suppl.
774 2753 838 2814 edd.

787 2883 980 2896 Ι-η-ι-ι-

242 3095 245 3102 ,
282 3028 355 3092 ατο.
393 3031 427 3091 n
448 3032 532 3111 syro.
573 3032 606 3094 c.
627 3033 651 3092 1.
673 3031 747 3090 see.
770 3031 795 3092 υ
817 3032 892 3092 2347
906 2985 941 3110 p.

355 3149 483 3244 ''Avdpc
506 3153 622 3242 σοφόν,
647 3153 825 3223 Μούσαισι
845 3155 1041 3236 τεταμένον,
1065 3154 1190 3221 ἐσθλὸν
1213 3153 1346 3244 ἑταῖρον

450 3263 534 3325 πάσι
556 3257 680 3346 φίλοις,
702 3251 822 3344 ἀγαθῷ
842 3253 1048 3345 χρησάμενον
1069 3251 1185 3343 βιότῳ,

356 3359 534 3450 Εἰρηναῖον
556 3356 669 3426 ἔδεκτο
693 3353 823 3445 πάτρης
845 3355 1076 3446 Μεροαηίὸος
1097 3348 1176 3424 ὄντα

287 3447 294 3458 ’
447 3463 565 3546 Σῦρος.
873 3457 952 3538 leg!

355 3617 378 3657 11
403 3599 449 3658 vel
469 3615 504 3658 111
528 3619 602 3658 saec.
628 3599 822 3675 epigramma,
848 3597 925 3674 quod
946 3595 1009 3656 sine
1029 3595 1117 3655 dubio
1137 3593 1279 3673 integrum
1299 3603 1352 3654 est.
1393 3599 1495 3656 Anno

278 3714 341 3752 rnm
362 3711 514 3782 numerum
533 3693 725 3770 subscriptum
746 3709 809 3752 esse
827 3692 940 3769 primns
960 3691 1033 3750 vidit
1052 3689 1258 3750 Wilamowitr.

277 3969 352 4030 274.
380 3973 496 4031 Minoae
517 3973 646 4050 Amorgi.
682 3973 731 4031 Ex
751 3970 945 4031 Banmeieteri
969 3971 1140 4050 apographo
1162 3967 1361 4030 Schneidewin
1391 3969 1496 4028 Philol.

277 4065 323 4123 IX
344 4065 408 4125 391.

361 4213 528 4304 Μοιράων
548 4242 589 4298 με
611 4215 708 4298 μίσος
731 4215 851 4302 πικρὸς
875 4207 1007 4292 ὤλεσεν,
1033 4209 1101 4302 [ο]ιἰ
1125 4210 1316 4302 [β]ι[ό]σοιο

445 4312 522 4384 οὐδὲ
545 4315 654 4404 φάους
677 4317 839 4402 γλυκεροῦ
861 4315 987 4384 πολλὸν
1009 4312 1252 4404 ἐπαυρόμενον·
