3160 4910
303 342 366 420 466
779 333 976 406 Epignmus
994 333 1076 388 mia.

279 583 282 591 7
312 510 352 576 45
397 498 476 570 οὐδὲ
502 503 583 589 γέρα
605 506 754 589 θνητοῖς,
779 493 864 585 ἀτάρ
888 491 967 565 οὐδὲ
990 503 1123 564 θεοῖσιν
1145 491 1258 576 όμοια,

396 607 487 692 σῆμα
511 601 576 691 [δέ]
604 599 637 671 οἱ
659 605 742 690 νηῶι
762 597 875 668 ἰ’κελον
897 593 1062 687 δήμωιέν
1079 591 1237 683 Ἀθήνης.

400 703 490 795 ψυχή
516 703 553 771 δέ
576 708 748 793 σκῆπτρον
765 700 1017 784 Ῥαδαμάνθυος
1038 691 1277 786 ἀμφιπολεύει.

399 809 500 872 τοῦτο
524 805 561 872 δὲ
588 804 791 894 Φανοτείνηι
814 804 1049 892 κεχαρισμένον
1072 789 1172 887 ήοται
1194 793 1328 883 ἀγαλμα

399 903 510 995 δήμωι
532 905 580 972 ένὶ
606 905 774 990 Τριόπεω,
795 903 854 971 ἵνα
877 903 911 972 οὶ
934 903 1043 990 πάρος
1066 896 1179 989 εὗρέες
1200 895 1301 986 ἀγροί

316 1011 359 1079 50
404 1007 460 1074 καί
481 1006 582 1094 χορός
604 1000 771 1095 ἡμερίδων
792 1007 851 1072 καὶ
873 1005 1060 1092 έλαιήεντες
1082 994 1236 1087 ἀρουραι.

400 1134 441 1176 ου
461 1132 519 1193 μιν
538 1102 712 1194 ἀτιμήσειε
736 1103 812 1196 θοή,
834 1107 991 1189 βασίλεια
1014 1104 1187 1190 γυναικῶν,

406 1207 603 1295 ἀμφίπολον
624 1205 752 1295 γεράων
774 1203 887 1289 ἔμεναι
911 1206 967 1272 καὶ
989 1200 1120 1270 όπάονα
1143 1197 1284 1286 νύμφην·

406 1305 486 1376 οὐδὲ
507 1307 570 1394 γὰρ
592 1303 786 1394 Ἰφιγένειαν
807 1305 971 1390 ἐύθρονος
988 1301 1181 1392 Ἰοχέαιρα,

406 1405 477 1476 οὐδ’
491 1405 615 1497 Ἕρσην
637 1412 805 1494 γοργῶπις
826 1401 1037 1494 ἀπητίμησεν
1050 1401 1188 1491 Ἀθήνη,

319 1518 359 1582 55
404 1505 484 1576 οάδέ
503 1534 560 1591 μιν
582 1504 747 1597 ήρρίνηιοι
770 1509 959 1596 παλαιῇοιν
979 1507 1147 1588 μεδέουσα

408 1611 584 1699 Καίσαρος
606 1607 769 1696 ἰφθίμοιο
792 1607 990 1694 παρόψεται
1011 1600 1136 1688 όμπνια
1158 1601 1278 1692 μήτηρ,
1357 1661 1360 1672 .

406 1712 441 1792 ές
460 1711 560 1796 χορόν
582 1710 760 1800 ἐρχομένην
784 1705 979 1798 προιεράων
1001 1701 1186 1795 ήμιθεάων,

405 1804 425 1902 ἢ
450 1809 548 1895 λάχεν
568 1805 727 1900 ήλυσίιηοι
746 1811 1005 1898 χοροστασίησιν
1028 1803 1194 1884 ἀνάσσειν,

320 1920 362 1987 59
407 1908 507 2000 αι’πήι
528 1916 556 1977 τ’
575 1906 742 1998 Ἀλκμήνη
764 1935 800 1978 τε
820 1908 971 1998 μάναιρά
993 1933 1029 1976 τε
1053 1906 1264 1994 Καδμεϊιόνη.

331 2151 363 2216 b.
408 2143 534 2226 Πότνί,
553 2143 728 2234 Ἀθηνάων
749 2143 909 2235 ἐπιήρανε
936 2142 1161 2232 Τριτογένεια,

411 2243 430 2333 ἥ
453 2250 479 2312 τ’
503 2246 560 2313 ἐπὶ
582 2242 662 2332 έργα
685 2249 815 2330 βροτῶν
835 2241 951 2334 ὁράᾳς,
971 2241 1186 2325 Ῥαμνουσιὰς
1205 2235 1307 2329 Οάπι,

410 2349 554 2433 γείτονες
576 2340 756 2432 ἀγχίθυροι
775 2342 900 2434 Ῥώμης
922 2340 1220 2429 έκατσνταπάλοιο,

408 2446 527 2516 πιίσνα
550 2445 590 2537 δή
615 2447 672 2512 καί
695 2443 800 2523 τόνδε,
823 2443 902 2531 θεά,
925 2443 1109 2532 τειμήοατε
1130 2449 1248 2532 χῶρον,

411 2551 518 2632 δῆμον
540 2545 677 2635 Δηαίοιο
701 2544 890 2632 φιλόξεινον
916 2541 1080 2633 Τριόπαο,

327 2657 368 2722 65
413 2646 526 2736 τόφρα
549 2672 586 2714 κε
609 2648 665 2714 καί
692 2646 872 2733 Τριόπειαι
895 2648 928 2713 έν
951 2640 1137 2722 ἀθανάτοις
1158 2643 1373 2733 ἀλέγησθο[ν.

413 2743 459 2828 ῶς
481 2744 537 2813 ὅτε
561 2751 618 2812 καί
636 2741 835 2828 Ῥαμνοῦντα
858 2747 915 2813 καί
937 2741 1137 2833 εὐρυχόρους
1159 2745 1192 2824 ές
1210 2741 1360 2834 Ἀθήνας

413 2851 548 2936 ηλθετε,
573 2847 710 2930 δώματα
734 2848 863 2934 πατρὸς
885 2845 1100 2932 ἐριγδούποιο
1122 2848 1293 2923 λιποῦσαι,

414 2940 459 3024 ῶς
479 2946 576 3016 τάνδε
599 2948 732 3038 ῥώεσθε
753 2945 1016 3032 πολυστάφυλον
1037 2949 1108 3012 κατ’
1132 2941 1268 3036 ἀλωή[ν,

414 3042 494 3135 λήιά
516 3071 552 3115 τε
575 3046 723 3131 σταχύων
745 3049 803 3114 καί
825 3048 963 3132 δένδρεα
987 3043 1189 3135 βοτρυόεντα

331 3153 374 3220 70
416 3145 585 3230 λειμώνων
605 3173 642 3216 τε
665 3145 772 3232 κόμας
792 3139 1058 3237 ἀπαλοτρεφέων
1079 3145 1280 3232 έφέπουσαι.

417 3241 499 3332 όμμι
522 3250 586 3340 γὰρ
605 3245 757 3338 Ἡρώδης
778 3247 870 3334 λερίν
893 3245 954 3314 ἀνὰ
977 3255 1075 3335 γαῖαν
1096 3247 1184 3338 ἕηκε,

415 3348 476 3439 τήν
498 3345 602 3438 όσσην
623 3351 701 3435 περὶ
723 3354 830 3432 τεῖχος
852 3347 1008 3436 ἐύτροχον
1029 3348 1266 3435 ἐστεφάνωται,

418 3443 578 3539 ἀνδράσιν
599 3444 813 3536 ὀψιγόνοισιν
834 3443 992 3536 ἀκινήτην
1015 3453 1070 3515 καὶ
1093 3443 1217 3515 ἀσολον

420 3547 569 3633 ἔμμεναι·
594 3545 614 3636 ή
638 3551 666 3613 δ’
691 3549 749 3616 έπί
771 3547 803 3615 οὶ
828 3549 863 3628 ἐξ
885 3543 1073 3615 ἀθανάτοιο
1097 3550 1242 3639 καρήνου

334 3655 374 3718 75
419 3647 625 3738 σμερδάλεον
648 3649 773 3717 οίσαοα
797 3648 904 3735 λόφον
926 3651 1122 3716 κατένευσεν
1137 3645 1276 3736 Ἀθήνη,

416 3750 462 3839 μή
485 3775 548 3816 τωι
570 3748 731 3838 νήποινον
751 3751 862 3834 βῶλον
883 3748 963 3830 μίαν
984 3745 1007 3837 ἢ
1030 3748 1087 3815 ένα
1112 3751 1196 3816 λᾶαν

419 3843 585 3934 όχλίσοαι,
606 3850 682 3918 έπεί
707 3846 745 3916 οὐ
767 3853 895 3937 μοιρῶν
915 3843 1045 3939 ἀτρεῖες
1067 3844 1217 3935 ἀνάγκαι,

419 3945 457 4027 ὅς
479 3974 515 4015 κε
538 3952 628 4015 θεῶν
651 3945 799 4018 έόέεσσιν
821 3946 1039 4038 ἀλιτροσόνην
1061 3945 1206 4037 ἀναθήη.

421 4049 518 4113 κλῦτε
540 4048 748 4136 περικτίονες
771 4051 827 4116 καὶ
849 4049 994 4136 γείτονες
1015 4045 1209 4136 ἀγροιῶται·

335 4151 378 4218 80
421 4145 512 4236 ἱερὸς
533 4139 631 4226 οὗτος
652 4146 672 4215 ό
692 4153 809 4237 χῶρος,
832 4145 982 4237 ἀκίνητοι
1006 4151 1043 4216 δέ
1063 4151 1211 4226 θέαιναι,

420 4250 477 4318 καί
500 4249 723 4338 πολυτίμητοι
745 4252 803 4317 καί
825 4245 983 4333 ὑποσχεῖν
1005 4242 1087 4330 οὖας
1109 4249 1253 4336 έτοιμαι·
